2624 4816
42 444 1117 480 mmmmm

121 640 380 747 PUBLII
421 641 679 746 OVIDII
715 644 1042 755 NASONIS

382 872 774 952 uersuouuuuu

300 1085 429 1214 EX
505 1082 866 1218 PONTO

353 1333 515 1406 LIBER
542 1335 805 1430 cosmus.

460 1520 701 1549 -Φ-ι

304 1711 615 1796 EPISTOLA
646 1710 859 1798 PRIMA.

509 1904 658 1924 mm

333 2095 541 2170 *SEXTO
570 2097 830 2172 POMPEIO.

413 2429 762 2494 ARGUMENTUM.

53 2587 168 2643 Excusat
180 2585 227 2639 has
242 2582 345 2651 literas,
366 2581 437 2636 Sexti
450 2583 559 2636 nomiae
570 2595 690 2652 ornatas,
711 2587 785 2656 cuius
800 2587 928 2644 beneficia
940 2593 1052 2647 memori
1063 2615 1124 2665 gra·

73 2683 153 2744 taque
165 2680 256 2724 mente
266 2680 371 2734 narrat;
382 2688 432 2724 nec
443 2688 506 2723 eum
518 2670 545 2723 in
557 2681 692 2740 posterum
702 2672 751 2726 sibi
762 2693 816 2728 esse
824 2674 979 2731 defuturum
991 2680 1109 2736 confidit.

57 2826 249 2943 ΑΕΟΙΡΕ,
268 2856 426 2955 Pompei,
446 2855 623 2930 deductum
641 2884 771 2932 carmen
787 2859 829 2933 ab
847 2858 926 2948 illo,

103 2972 251 3046 Debitor
266 2989 316 3045 est
331 2970 406 3043 vitae
424 2971 483 3071 qui
498 2972 578 3060 tibi,
595 2975 712 3062 Sexte,
730 3001 806 3049 suoe.
1047 2957 1053 2969 ⁸

58 3088 130 3186 Qui
147 3087 260 3162 sinon
277 3085 437 3188 prohibes
455 3116 473 3160 a
491 3116 543 3162 me
560 3105 616 3160 tua
632 3075 768 3163 nomina
785 3089 886 3189 poni,

105 3203 253 3279 Accedet
268 3202 394 3277 meritis
411 3202 480 3276 haec
498 3231 631 3303 quoque
649 3231 775 3276 summa
792 3202 869 3276 tuis.

58 3319 134 3395 Sive
152 3320 257 3394 trahis
272 3317 405 3408 vultus,
423 3320 576 3420 equidem
593 3346 744 3420 peccasse
762 3317 916 3391 fatebor:
1111 3339 1128 3392 5

89 3496 109 3531 *
126 3492 221 3548 Snxuo
241 3493 379 3548 Portam
398 3492 479 3546 Hunc
497 3491 569 3546 Sext.
617 3490 650 3544 de
662 3510 690 3543 se
702 3499 813 3544 testatur
830 3491 858 3544 in
872 3489 1076 3550 Commentario
1092 3490 1127 3545 il·

56 3574 220 3645 Pompeium
230 3572 361 3643 originem
370 3571 474 3626 trahere
486 3572 570 3626 existi·
617 3569 739 3623 iustrium
761 3570 958 3640 exemplorum,
982 3568 1050 3621 libro
1072 3569 1127 3636 11,

55 3672 103 3708 mo
122 3645 216 3705 abillo
229 3652 375 3719 Pompeio,
395 3651 439 3720 qui
455 3651 488 3704 ad
505 3653 570 3706 Nu·
617 3669 671 3720 cap.
688 3670 707 3703 1.
721 3650 821 3704 Hiatus.

54 3731 188 3787 mantiam
196 3730 264 3784 male
270 3751 329 3784 rem
338 3731 569 3801 gessit‚quemque
650 3732 789 3797 3eQu1'sr'.
805 3732 909 3796 Qui‘seu
921 3737 1023 3781 veteres
1041 3728 1128 3797 pieri-

54 3812 199 3866 bomiuem
209 3829 311 3864 novum
319 3809 414 3865 Cicero
422 3811 514 3865 alicubi
527 3810 570 3863 ad·
619 3827 678 3877 que.
690 3808 726 3860 H.
738 3836 771 3847 -
780 3809 806 3861 A
813 3827 851 3859 me
859 3817 904 3858 tua
912 3812 1088 3874 nomirraponr'.
1101 3807 1128 3862 A

53 3889 173 3961 pellavit.
182 3888 356 3957 Horconsule
364 3885 571 3942 mortuumCae-
619 3904 662 3938 me
674 3885 832 3939 carminibus
846 3885 911 3936 meis
922 3884 1016 3937 reterri
1027 3904 1128 3942 nomn

53 3985 148 4026 sarem
164 3967 329 4037 Augustum,
348 3967 375 4020 ia
389 3966 509 4022 confesso
523 3979 571 4021 est.
620 3974 704 4016 tuum.
1163 3972 1168 3979 ·

55 4046 160 4104 Eidem
168 4046 316 4116 proconsuli
328 4086 335 4111 ,
347 4047 438 4100 Asiam
447 4047 572 4100 obtinen-
653 4048 676 4112 4.
694 4048 806 4098 Accedet
815 4048 867 4096 tuis
885 4047 987 4096 meniis.
1005 4044 1129 4101 Addetur

55 4126 96 4193 ti,
108 4143 200 4180 comes
211 4144 241 4178 ac
252 4123 387 4177 familiaris
398 4124 496 4177 abiitin
505 4144 572 4192 pro·
620 4123 726 4191 reliquis
739 4123 789 4176 tuis
801 4121 942 4176 beneficiis.

57 4203 177 4259 vinciam
188 4199 310 4257 Valerius
321 4201 467 4269 Maximus,
476 4211 507 4256 ut
518 4201 572 4271 ipse
656 4207 681 4259 5.
695 4202 754 4262 Sive
765 4206 846 4258 trabis
863 4208 956 4256 vultus.
968 4201 1031 4260 Sive
1046 4203 1128 4259 fron-

183 4300 221 4369 V
217 4299 273 4370 II.
881 4327 925 4396 27
