2624 4816
112 382 177 449 328

392 383 431 447 P.
460 377 639 447 ortutt
660 379 901 453 NASONIS·

113 523 162 594 Ut
177 520 243 592 sera
261 519 414 591 nimboso
434 537 624 594 tumuerunt
641 549 772 621 equora
787 540 903 614 vento,

165 639 205 708 lu
225 635 339 709 mediis
356 634 457 708 lacera
476 665 586 736 puppe
604 635 776 738 relinquor
792 639 899 739 aquis.

116 751 298 850 Quomque
316 749 371 822 aiii
388 748 495 823 nolint
513 750 608 824 etiarn
628 780 679 825 me
695 780 793 827 nosse
811 754 936 837 videri.

171 866 230 938 iix
250 866 317 937 duo
335 866 484 964 projecto
502 883 605 940 tresve
624 866 746 942 tulistis
765 898 871 969 opem.
1083 922 1084 925 =
1140 896 1165 945 30

119 985 272 1081 Quorum
292 1000 328 1055 tu
346 984 518 1083 princeps,
533 1012 592 1057 uec
608 986 692 1057 euim
702 1014 821 1059 comes
838 1015 924 1072 esse,
943 986 1001 1060 scd
1021 1007 1142 1076 auctor,
1174 1011 1175 1015 ’

168 1105 236 1174 Nec
254 1117 364 1199 petere
380 1099 583 1200 exemplum,
601 1101 659 1174 sed
675 1102 751 1176 dare
768 1103 889 1198 dignus
905 1132 988 1178 eras.

119 1218 188 1305 Te,
205 1216 289 1289 nihit
306 1232 448 1297 exacto,
465 1215 527 1287 nisi
548 1244 617 1288 non
633 1245 803 1316 peccasse,
822 1219 1000 1306 serentem,

171 1333 298 1432 Sponte
315 1360 369 1406 sua
390 1333 539 1431 probitas
556 1332 765 1433 officiumque
780 1335 903 1432 juvant.

122 1478 190 1546 apud
200 1490 295 1546 poetas.
306 1480 447 1531 H.-Aura
457 1482 583 1537 secunda;
593 1479 630 1533 sic

122 1561 209 1614 Horat
218 1599 225 1624 ,
234 1559 275 1611 tib.
285 1560 306 1623 l,
318 1579 396 1612 carm.
406 1559 493 1625 Octv,
503 1578 566 1612 vers.
580 1580 606 1611 ιι
616 1578 624 1612 2

125 1659 139 1683 a
152 1640 253 1691 nescius
264 1658 333 1692 aurae
345 1639 447 1691 fallacis.
457 1661 469 1683 ν»

56 1766 58 1770 ,
153 1737 192 1783 27.
201 1719 350 1768 Terruerunt
356 1735 456 1783 equora
464 1726 543 1768 uculo.
552 1716 630 1770 Unus

124 1795 200 1846 Voss.
213 1800 287 1853 notem
306 1812 375 1844 unus
390 1792 527 1846 liafniens.
540 1798 632 1846 morbo.

125 1870 206 1922 Forte
220 1873 289 1921 (loro.
304 1870 403 1922 lintres.

159 1950 197 1999 28.
212 1951 287 1998 Naue,
303 1949 387 2014 Puppe
399 1968 429 2000 er
440 1957 554 2016 quatuor
563 1947 633 1999 libris

128 2026 253 2080 Heinsius
266 2027 345 2080 dedit.

160 2124 194 2175 29
215 2105 387 2172 Nossefatcn'.
407 2107 496 2157 biilcrr'
506 2104 633 2157 meliores.

159 2185 200 2235 33.
218 2187 263 2236 Te.
278 2186 382 2234 nr'ht'les
388 2193 452 2235 acto.
463 2187 635 2248 aisinoapec-

129 2283 203 2316 casse
214 2263 345 2332 ferentem.
365 2262 447 2314 Locus
471 2261 636 2314 mendosissi-

132 2363 207 2404 mus;
221 2362 269 2395 nec
280 2343 371 2410 juvant
384 2342 439 2393 iibri
454 2352 553 2394 veteres
567 2363 572 2399 ;
587 2340 635 2392 nisi

132 2420 203 2491 quod
218 2439 257 2471 me
271 2439 319 2488 pro
334 2439 378 2472 uos
394 2419 421 2471 in
435 2419 637 2471 nonnuttis.Ta-

132 2494 247 2566 naqu'illo
269 2498 353 2549 Fabru
372 2497 397 2548 in
417 2496 536 2564 Epistutis
554 2513 639 2561 nuper

132 2576 223 2641 editis,
240 2575 376 2628 videbatur
390 2573 556 2626 scribendum
573 2591 639 2626 esse:

134 2677 148 2700 α
158 2655 216 2717 Te,
231 2651 295 2705 nibil
307 2673 337 2704 ex
347 2662 423 2714 ¹acto,
444 2648 492 2702 nisi
512 2660 536 2701 te
549 2646 639 2702 fecisse

135 2730 640 2801 petentem,»quantiliecastigationem

135 2830 208 2863 suam
228 2808 344 2877 pluribus
361 2808 484 2861 adstruxit
503 2807 640 2861 iniisdem

137 2888 268 2955 Epistolis.
283 2886 334 2940 Sed
348 2886 502 2940 inconcinna
516 2896 554 2938 est
566 2905 644 2954 repe-

138 2968 196 3018 titio
204 2979 246 3020 'tou
265 2969 303 3017 Tc.
318 2965 390 3032 Quid
402 2964 423 3017 si
435 2964 564 3034 reponas?
579 2987 591 3009 ιι
609 2964 644 3017 Et

136 3033 204 3096 nihil
217 3063 231 3094 e
244 3043 312 3094 facto
322 3082 329 3106 ,
340 3043 387 3094 nisi
402 3053 425 3094 tc
437 3042 540 3107 fecisse,
554 3052 644 3110 peten-

140 3135 203 3177 tem.
221 3141 235 3165 u
259 3121 372 3188 Longius
386 3119 492 3188 quidem
509 3139 523 3171 a
544 3120 645 3186 vulgata

141 3202 266 3267 scriptura
275 3197 327 3249 baec
340 3198 450 3248 abeunt:
459 3197 504 3250 sed
513 3197 647 3249 nitobcur-

142 3282 177 3335 rit
193 3277 285 3332 melius
298 3297 303 3329 :
318 3292 392 3328 versu
408 3279 542 3345 proximo,
554 3279 648 3344 javan!

141 3381 191 3432 pro
205 3360 281 3424 jurat
296 3355 422 3408 melioresv
442 3357 475 3407 H.
488 3383 520 3396 —
537 3359 571 3408 Te
585 3359 651 3410 niti!

141 3448 239 3493 eraclo.
256 3433 333 3487 Ordo
345 3443 384 3485 est
397 3451 403 3483 :
415 3431 533 3486 Probitas
547 3445 573 3487 et
586 3432 648 3485 ori-

144 3511 464 3581 ciumsuaspontejuvant
473 3520 496 3561 te
505 3510 648 3576 fatentem,

144 3605 234 3648 exacto
248 3591 313 3644 nihii
325 3587 372 3642 nisi
386 3607 433 3640 nos
444 3607 566 3655 peccasse.
578 3589 650 3641 M.-

145 3676 254 3727 Exacto.
264 3668 347 3722 Aticui
360 3664 472 3734 erigenti
484 3684 516 3717 an
529 3685 578 3734 ego
590 3686 651 3733 pec-

147 3744 649 3805 caverimt'etcerreadverbutesacio,

147 3847 196 3899 pro
216 3837 304 3881 exacte
325 3824 430 3895 accipias
446 3843 451 3876 :
467 3832 493 3876 et
506 3832 544 3874 est
560 3841 652 3891 nragna

149 3907 205 3960 laus
212 3904 336 3969 Maximi,
349 3901 418 3973 quod
432 3911 513 3971 poetae
523 3899 596 3954 amici
604 3900 654 3953 cri-

152 4006 215 4041 men
224 3995 351 4054 quantum
363 3993 446 4052 potest
455 3980 652 4034 nititurcelare:

153 4085 202 4119 nec
216 4061 264 4116 uisi
280 4063 406 4115 instanter
423 4058 559 4130 requisitus
576 4059 654 4111 etiam

155 4162 217 4197 eum
227 4160 341 4214 peccasse
349 4139 452 4194 adserit.
466 4142 573 4207 Exigere
584 4137 656 4190 enim

678 1490 716 1534 est
725 1501 774 1550 per
782 1481 834 1534 vim
843 1481 938 1550 aliquid
950 1493 1050 1552 petere.
1058 1482 1122 1548 vet,
1128 1502 1172 1550 pec

678 1582 752 1614 casse
766 1573 870 1621 exacto,
891 1563 940 1616 boc
952 1574 1006 1628 est,
1020 1564 1129 1632 pervim
1140 1583 1173 1616 er·

679 1659 746 1692 rasse
761 1659 767 1690 ι
780 1640 852 1708 quasi
869 1639 954 1708 aliqua
972 1641 996 1692 vi
1017 1661 1061 1694 me
1077 1640 1108 1694 ad
1125 1660 1174 1710 pec-

679 1717 792 1769 candum
814 1718 962 1786 impulsum.
981 1718 1034 1772 vet
1052 1737 1173 1788 peccasse,

679 1806 787 1853 exacto,
804 1796 900 1849 scilicet
917 1807 1056 1866 tempore,
1073 1795 1121 1848 boc
1131 1805 1174 1859 est,

680 1873 820 1942 praetcrito.
839 1873 890 1926 Atii
907 1873 999 1943 legunt
1018 1895 1051 1927 ex
1065 1885 1121 1927 acto
1137 1872 1176 1924 boc

681 1962 719 2004 est
731 1989 738 2015 ,
752 1971 782 2004 er
792 1951 858 2005 sacto
871 1962 974 2004 tantum
985 1972 1118 2021 peccasse,
1132 1967 1175 2002 non

681 2031 822 2083 voluntate.
835 2031 1017 2099 Portu-Ego
1025 2043 1090 2100 puto
1101 2035 1176 2083 veram

683 2108 820 2160 lectionem
834 2120 860 2161 et
867 2111 1027 2161 sententiam
1037 2129 1051 2160 a
1061 2110 1176 2161 Burman·

684 2205 720 2237 no
729 2186 834 2238 tandem
847 2197 978 2254 repertam
990 2209 996 2244 ;
1010 2186 1177 2254 cnjnshcccest

685 2276 746 2317 nota
757 2284 764 2316 ι
776 2264 873 2316 dixerat
886 2275 912 2317 et
925 2275 1034 2333 questus
1049 2277 1104 2319 crat
1118 2264 1177 2318 Ori-

686 2342 758 2406 dius,
773 2342 908 2411 plerosque
924 2343 1064 2396 amicitiam
1078 2363 1108 2395 ex
1122 2340 1178 2394 uriti-

687 2431 738 2473 tate
749 2421 872 2484 cotuisse,
890 2431 916 2473 et
928 2441 956 2472 se
967 2421 1100 2474 desertum
1115 2422 1144 2474 ab
1155 2419 1178 2471 it-

688 2496 731 2560 iis,
744 2517 822 2565 quam
838 2498 952 2565 primum
966 2497 1102 2551 adflictum
1117 2496 1179 2549 vidis·

687 2587 766 2628 sent:
783 2576 927 2628 Mariorum
947 2595 1012 2626 vero
1026 2585 1179 2635 constanter,

688 2654 765 2706 etiam
779 2654 805 2707 in
820 2654 948 2718 adversis,
964 2652 1082 2706 officium
1098 2653 1180 2722 prasti-

690 2732 765 2795 tiwe,
780 2732 838 2799 quia
852 2732 931 2799 ipsam
946 2731 1073 2784 virtutem
1085 2733 1122 2784 sui
1134 2749 1181 2798 pre·

691 2811 756 2861 tium
773 2808 909 2871 credebat,
932 2826 980 2859 nec
998 2808 1109 2861 utilitate
1127 2803 1180 2858 anri·

691 2887 763 2938 citias
783 2886 931 2955 probabat:
952 2904 1034 2953 quare
1057 2885 1182 2954 tegendum

692 2975 771 3033 puto,
787 2967 932 3015 Terribiles
938 2973 997 3014 acto
1006 2966 1017 3029 (
1023 2963 1079 3028 vei,
1090 2959 1182 3030 efacta)

692 3050 746 3096 nr'si
756 3063 805 3096 non
819 3063 939 3110 peccasse
948 3045 1092 3110 serentem,
1110 3045 1184 3110 Sponte

692 3143 739 3175 sua
748 3127 860 3187 probitas
870 3120 1134 3190 officrirmquejurautc
1142 3122 1184 3172 nott

694 3200 769 3251 aliam
780 3199 928 3251 mercedem
941 3198 1052 3252 exsarto
1061 3188 1184 3268 petis,nisi

694 3275 895 3341 conscientium,
909 3287 933 3330 te
947 3296 1000 3328 uon
1014 3274 1186 3345 peccasse,aut

697 3374 751 3409 non
770 3354 882 3408 defuisse
900 3354 1006 3419 officio,
1029 3356 1101 3424 quod
1120 3354 1187 3407 amico

696 3432 814 3487 debebas.
821 3433 1057 3500 Sententiaobvia,
1069 3444 1188 3486 etexcom·

698 3511 773 3565 muni
784 3511 939 3581 sapientium
951 3511 1035 3564 effato
1045 3511 1166 3566 desumto

730 3591 770 3656 34.
782 3587 951 3658 Officr'umque.
958 3588 993 3642 Et
1001 3588 1121 3643 officium
1128 3599 1189 3640 tuum

698 3687 759 3736 erga
772 3667 874 3721 amicos
888 3667 985 3722 Sensus
995 3679 1051 3721 est:
1062 3686 1152 3721 verum
1162 3672 1190 3718 est

699 3746 769 3816 quod
782 3747 832 3799 dixi
840 3757 865 3798 te
872 3765 925 3799 esse
931 3746 1043 3814 dignum
1052 3766 1107 3799 non
1116 3755 1191 3815 petere

700 3826 732 3878 ab
746 3823 799 3878 aliis
815 3823 960 3892 exemplum
977 3823 1158 3892 permanendo
1171 3820 1190 3870 in

701 3902 752 3956 side
763 3923 823 3971 erga
831 3921 889 3969 me,
901 3901 946 3955 sed
957 3901 1019 3955 dare
1029 3903 1100 3955 aliis:
1111 3900 1192 3970 quiete

701 3980 793 4047 juvant
808 3991 835 4034 et
845 3980 958 4049 probitas
970 3991 998 4032 et
1011 3979 1130 4032 officium
1143 3989 1192 4044 erge

702 4059 797 4110 amicos
806 4078 812 4111 ι
822 4058 891 4126 quod
901 4068 994 4128 sponte
1001 4077 1048 4111 sua
1060 4065 1191 4128 praestatur,

703 4155 757 4189 non
766 4137 897 4205 precibus,
906 4136 1065 4206 autpraeruio
1075 4135 1164 4201 atiquo.
