2624 4816
112 437 178 519 468

397 436 434 500 P.
464 433 645 502 OVIDII
672 432 906 508 NASONIS

160 576 285 675 Adjuta
300 593 351 649 est
367 574 497 647 nouitas
512 575 648 647 numine
666 592 781 648 nostra
797 577 874 650 Dei.

115 694 199 765 Nam
218 692 321 792 patris
337 690 485 784 Augusti
503 689 603 765 docui
616 688 756 764 mortale
772 691 876 767 fuisse

165 811 316 908 Corpns3
332 808 367 880 in
382 806 532 880 aetherias
547 834 672 880 numen
689 808 798 882 abisse
813 809 953 885 domos:

113 925 196 996 Esse
215 947 326 1020 parem
344 919 467 995 virtute
483 921 592 1022 patri,
612 921 670 1019 qni
685 920 786 995 fraena
805 942 941 999 coactus

163 1039 257 1141 Saepe
275 1039 416 1111 recusati
435 1038 559 1138 ceperit
573 1036 722 1136 imperii:

115 1158 197 1228 Esse
213 1153 408 1255 pudicarum
428 1172 459 1228 te
476 1156 628 1239 Vestam,
647 1152 754 1241 Livia,
773 1171 936 1249 matmm3

162 1271 370 1365 Ambiguum
386 1287 465 1344 nato
483 1270 636 1364 dignior,
656 1296 740 1342 aune
757 1270 844 1343 viro:

117 1390 200 1461 Esse
218 1387 302 1459 duos
317 1386 468 1483 juvenes,
485 1385 580 1458 firma
595 1385 783 1484 adjumenta
797 1387 965 1485 parentis,

166 1503 237 1601 Qui
255 1501 406 1574 dederint
423 1501 523 1575 animi
538 1501 679 1602 pignora
697 1520 784 1576 certa
801 1504 863 1576 sui.

117 1621 196 1692 flaec
213 1619 273 1691 ubi
289 1647 358 1691 uon
374 1620 481 1718 patria
492 1618 618 1718 perlegi
631 1619 754 1718 scripta
771 1620 945 1707 Camoena,

169 1733 268 1806 Venit
284 1731 374 1806 etad
392 1732 515 1828 digitos
531 1733 648 1805 ultima
665 1734 778 1807 charta
790 1762 899 1821 meos;

118 1853 164 1923 Et
179 1866 293 1949 caput,
315 1867 348 1921 et
361 1848 477 1948 plenas
495 1877 607 1922 omnes
624 1877 754 1922 movere
770 1848 960 1948 pharetras,
1150 1873 1176 1926 tt

169 1968 212 2035 Et
229 1962 367 2059 longum
386 1962 503 2037 Getico
518 1992 669 2038 murmur
683 1966 718 2036 in
734 1993 790 2038 ore
807 1965 881 2037 fnit.

152 2156 191 2217 24.
205 2153 301 2203 Nostra
315 2157 421 2205 nocuas.
434 2152 560 2205 Nostrum
573 2171 629 2205 no-

118 2250 181 2284 vum
193 2230 324 2284 scribendi
341 2249 423 2300 genus
439 2251 447 2283 ι
464 2231 515 2286 hoc
532 2250 628 2302 genere

118 2307 255 2362 sermonis.
267 2333 298 2348 ·—
311 2310 420 2361 Numine
433 2310 492 2362 liei.
511 2309 628 2362 Numine

121 2388 231 2442 Caesaris
251 2388 370 2456 Augusti.
390 2387 468 2439 Mun.
479 2416 513 2429 -
528 2390 630 2456 Adjuta

120 2477 161 2518 est
169 2477 217 2518 etc.
231 2464 263 2517 ln
272 2465 323 2518 hoc
331 2483 401 2517 novo
412 2464 501 2518 labore
510 2464 630 2518 meofnit

120 2544 185 2597 mihi
197 2562 300 2595 numen
315 2541 425 2596 Caesaris
444 2561 492 2612 pro
506 2542 629 2612 Apolline

120 2633 147 2675 et
160 2621 286 2688 Calliope.
300 2619 387 2673 Pom,

155 2706 194 2753 25.
207 2701 294 2750 Putris
305 2698 423 2764 Augusti.
439 2695 550 2766 Augusti
563 2695 629 2748 Cos-

121 2779 198 2841 saris,
211 2775 291 2845 patris
303 2775 400 2843 patrie.

152 2855 191 2908 26.
199 2857 302 2906 Numen.
312 2853 439 2906 Animam
449 2848 561 2921 Augusti
571 2850 629 2905 (Σκ-

119 2935 181 2986 saris
192 2932 319 2986 defuncti.

154 3031 192 3078 27.
200 3010 628 3079 Essepnremvirtutepatrfflooui

121 3093 199 3144 etiam
210 3131 217 3156 ,
229 3093 326 3145 uirtute
340 3112 394 3145 non
407 3091 560 3144 inferiorem
574 3109 629 3142 esse

120 3168 257 3221 Tiberium
270 3169 337 3236 patri
353 3167 450 3222 Caesari
464 3169 629 3236 Angusto.—

122 3247 259 3316 Quisraeua
267 3260 376 3314 rogatus.
387 3246 444 3315 Qui
452 3247 574 3301 Tiberius
582 3245 629 3297 diu

122 3342 252 3378 summam
263 3323 367 3390 imperii
382 3325 522 3390 recusavit,
535 3334 565 3375 ut
579 3322 629 3374 do·

105 3396 161 3458 'rot
177 3400 354 3471 Tranquillus.
366 3429 399 3440 -
414 3404 502 3453 Frena
518 3409 628 3468 rogatus.

122 3486 231 3534 Coactus
248 3490 351 3549 praestat
367 3496 428 3530 cum
443 3477 531 3531 codice
545 3477 629 3531 Scali-

121 3561 174 3628 geri
185 3581 192 3622 3
206 3557 350 3612 Suetonius
358 3555 390 3608 de
400 3554 522 3607 Tiberio:
532 3577 545 3600 «ι
555 3556 629 3608 Tan-

120 3639 182 3690 dem
190 3639 262 3707 qnasi
274 3647 377 3690 coaetus
389 3644 415 3688 et
425 3651 538 3701 querens
549 3634 628 3686 mise·

121 3737 176 3770 ram
190 3729 216 3770 et
227 3736 366 3771 onerosam
376 3714 476 3784 imponi
488 3714 535 3765 sibi
546 3713 628 3765 servi-

121 3792 628 3867 tutem,recepitimperinm.»Adeatnr

121 3878 199 3929 etiam
214 3878 319 3931 Tacitus
334 3875 478 3930 Annalium
491 3873 511 3926 1.
526 3873 627 3925 Ilnms.

152 3975 191 4026 ος).
211 3957 277 4009 Esse
294 3960 443 4022 pudicarum
462 3965 487 4008 te
509 3955 626 4015 Vestam,

121 4034 206 4091 Liuio,
223 4034 406 4087 matrumfloo
416 4044 470 4097 est,
485 4049 564 4099 quam
573 4048 629 4082 ma-

121 4121 204 4159 tronae
216 4127 308 4162 omnes
325 4109 426 4178 pudieus
443 4110 524 4162 instar
541 4106 627 4159 Veste

121 4197 281 4240 venerentur
300 4208 306 4240 t
328 4187 364 4241 sic
383 4191 506 4242 Iunonem
525 4187 626 4240 Liviam

676 2173 780 2224 qnoque
793 2153 910 2220 voravit,
930 2154 976 2208 tib.
991 2155 1036 2211 111
1050 2196 1058 2224 ,
1075 2157 1141 2227 Eleg.
1152 2173 1172 2222 1,

676 2253 712 2285 vs.
725 2252 779 2301 1¹7·
789 2231 862 2285 Nihil
873 2251 938 2301 ergo
948 2231 1001 2287 hoe
1012 2233 1072 2288 loou
1081 2243 1118 2288 est
1126 2252 1174 2287 mu·

677 2308 796 2362 tandum.
812 2309 849 2361 H.
861 2335 895 2349 -
910 2311 1028 2364 Maleum
1034 2314 1174 2380 pultem.

679 2383 919 2452 Quemadmodum
932 2386 1069 2456 virginum
1080 2387 1134 2441 Dea
1143 2399 1175 2440 ot

677 2461 772 2525 Vesta',
785 2464 821 2517 sic
827 2473 1014 2518 matronarum
1023 2467 1082 2520 Dea
1091 2477 1128 2520 est
1137 2464 1176 2518 Li-

677 2545 813 2597 via.·-Pro
820 2554 845 2597 te
857 2546 968 2607 Vestam,
978 2555 1003 2599 te
1009 2538 1108 2609 cestuu
1113 2543 1175 2598 leid.

676 2630 704 2672 te
714 2625 853 2686 exemplum
864 2620 917 2674 MS
932 2621 1037 2676 Bersm.
1160 2631 1164 2638 '

710 2699 750 2750 31.
762 2700 829 2750 Esse
839 2701 904 2750 duos
913 2699 1034 2764 [iuuenes.
1048 2694 1176 2755 Germaui-

675 2795 736 2830 cum
744 2776 840 2830 scilicet
851 2777 1006 2845 Juniorem,
1016 2778 1175 2834 fitiumltrod

676 2855 788 2925 privigni
800 2855 913 2923 Augusti
925 2858 1093 2924 naturalem
1105 2869 1129 2912 et
1138 2877 1176 2927 per

677 2933 847 3001 adoptionem
857 2931 958 2985 Tiberii
970 2953 1078 3005 quoque
1090 2955 1097 2988 ε
1113 2932 1176 2988 etal-

676 3023 779 3077 terum,
795 3011 913 3064 Drusum
925 3011 1032 3067 Tiberii
1044 3014 1126 3068 {ilium
1136 3031 1176 3066 na-

676 3090 795 3142 turalem.
804 3117 837 3128 —
846 3090 930 3140 mima
940 3091 1091 3158 adjumenta
1096 3109 1175 3159 putee-

675 3173 717 3219 tis.
730 3167 820 3219 Firma
830 3165 950 3235 praesidia
963 3168 1068 3222 Tiberii
1079 3169 1158 3240 putris.

709 3247 749 3298 33.
758 3248 828 3297 Huc.
840 3244 895 3296 Has
904 3243 995 3298 laudes
1002 3247 1162 3316 supradictas

708 3325 748 3388 34.
768 3325 843 3375 Venit
857 3324 896 3373 ad
910 3341 980 3374 meos
997 3327 1101 3392 digitos.
1117 3325 1174 3378 Meis

675 3403 795 3456 manibus
805 3410 911 3455 tractata
922 3412 963 3453 est
973 3403 1112 3457 recitando
1126 3402 1174 3457 :vet

677 3479 722 3533 ubi
734 3478 842 3548 perveni
856 3477 888 3531 ad
901 3488 1051 3533 extremam
1066 3483 1173 3552 pagiuam

677 3569 704 3610 et
719 3557 810 3610 finem.

710 3639 750 3690 35.
757 3641 793 3691 Et
798 3648 881 3704 caput.
888 3636 973 3704 Quasi
983 3638 1116 3692 laudando
1122 3655 1174 3705 opus

676 3715 750 3780 illud,
760 3726 786 3769 et
794 3715 961 3768 adfirmando
969 3715 996 3768 id
1005 3715 1067 3771 fore
1074 3733 1173 3779 causant,

677 3804 706 3845 nt
723 3792 895 3845 reduceretur
914 3792 941 3843 in
961 3794 1076 3860 patriam
1092 3803 1174 3863 poeta,

677 3889 783 3924 movere
797 3882 823 3925 et
834 3881 912 3939 eaput
920 3880 947 3923 et
956 3871 1094 3939 pharetras
1102 3893 1108 3926 :
1116 3868 1174 3940 quasi

677 3970 725 4018 per
737 3949 872 4018 pharetras
880 3959 907 4000 et
918 3949 1025 4017 sagittas
1033 3951 1174 4020 jurarentet

678 4027 849 4081 adfirmarent
860 4027 896 4079 ita
907 4026 973 4077 loro.

709 4108 749 4160 36.
761 4109 798 4159 Et
808 4111 908 4172 longum
917 4125 1037 4159 murmur.
1050 4106 1085 4160 Et
1095 4106 1175 4172 longus

678 4185 769 4240 dehac
781 4206 809 4239 re
822 4203 916 4250 sermu.
