2624 4816
210 435 277 505 356
479 435 519 499 P.
547 432 731 500 OVIDII
762 429 999 503 NASONIS

258 576 434 673 Quamque
449 589 547 672 potes
561 571 726 671 profugo,
745 599 820 644 nant
840 590 951 672 potes,
969 572 1064 649 adfer
1079 595 1182 677 opem·

210 695 268 768 Me
287 691 418 763 sortuua
438 687 514 776 tibi,
533 688 571 760 de
590 717 653 788 qua
670 715 711 760 ne
728 717 929 788 conquerar,
948 691 1014 764 hoc
1030 708 1097 781 est,

257 805 427 885 Tradidit;
443 804 509 877 hoc
525 832 592 877 uno
611 833 676 876 uon
694 803 824 877 inimica
840 805 931 879 mihi.

207 921 333 1023 Excipe
351 919 557 1014 naufragium
575 949 644 992 non
663 920 748 993 duro
768 919 863 995 litore
878 939 1051 1013 nostrum,

255 1040 306 1112 Ne
324 1035 422 1109 luerit
441 1051 523 1107 terra
543 1033 646 1106 tutior
658 1035 744 1107 unda
759 1052 822 1109 tua.

207 1155 327 1253 Regia,
344 1153 439 1228 crede
456 1152 553 1239 mihi,
569 1180 622 1226 res
640 1170 690 1226 est
708 1153 904 1227 subcurrere
921 1152 1048 1255 lapsis:

258 1273 423 1347 Convenit
439 1288 472 1343 et
491 1288 604 1356 tanto,
624 1287 765 1370 quantus
783 1299 817 1344 es
832 1272 917 1372 ipse,
935 1271 1017 1345 viro.

207 1393 386 1465 Fortunam
407 1387 500 1459 decet
521 1386 585 1457 hoc
602 1385 697 1458 istam
714 1415 721 1456 ε
739 1414 811 1485 quae
828 1385 970 1460 maxima
987 1414 1095 1487 quum
1112 1389 1172 1478 sit,

256 1506 338 1577 Esse
355 1517 465 1601 potest
483 1499 592 1572 animo
612 1499 665 1569 vix
682 1517 791 1572 tamen
809 1527 901 1599 aequa
919 1517 988 1572 tuo.

208 1619 423 1720 Conspicitur
439 1644 609 1715 nunquam
627 1614 761 1687 meliore
776 1615 924 1715 potentia
942 1644 1060 1705 causa,
1233 1635 1256 1685 ιε

143 1762 145 1766 ’
258 1742 368 1836 Quam
388 1735 515 1834 quoties
532 1760 630 1804 vanas
646 1761 713 1803 non
732 1732 813 1805 sinit
831 1761 900 1806 esse
917 1760 1043 1832 preces.

209 1856 285 1929 Hoc
301 1854 391 1924 nitor
408 1847 463 1920 ille
483 1846 530 1919 tui
550 1848 677 1940 generis
695 1846 857 1920 desiderat
872 1877 879 1919 :
893 1848 958 1920 hoc
973 1865 1025 1921 est

259 1970 290 2041 A
309 1964 445 2065 Superis
461 1979 540 2035 ortae
556 1960 742 2037 nobilitatis
760 1991 854 2063 opus.
996 1999 1015 2040 r

210 2081 285 2156 Hoc
302 2079 364 2152 tibi
382 2095 415 2151 et
432 2074 636 2175 Eumolpus,
656 2076 782 2171 generis
800 2074 1000 2149 clarissimus
1017 2092 1155 2163 auctor,

256 2198 302 2269 Et
316 2194 410 2296 prior
427 2190 593 2291 Eumolpo
613 2192 729 2266 suadet
743 2179 993 2266 Erichthonius.
1231 2224 1257 2264 ro

210 2315 288 2388 Hoc
303 2329 409 2385 tecum
427 2335 601 2381 commune
618 2309 713 2381 Deo:
730 2307 821 2408 quod
839 2324 978 2406 uterque
991 2307 1104 2402 rogati

211 2478 333 2550 Orithyae
347 2485 429 2540 nata,
448 2471 533 2537 salius,
555 2489 587 2524 ex
605 2470 716 2525 Thracia
765 2469 869 2540 Ligario
886 2468 1044 2536 coufirmat,
1057 2468 1131 2524 nulla
1141 2488 1171 2524 re
1181 2468 1259 2524 hori-

209 2559 237 2613 in
246 2557 360 2611 Atticam
368 2553 448 2605 veuit.
456 2550 527 2602 Eum
537 2544 599 2602 sani
611 2550 716 2602 Home·
765 2569 812 2602 nes
819 2550 925 2620 propius
933 2550 966 2603 ad
974 2550 1047 2604 Deos
1053 2550 1261 2623 accedere,qm

209 2657 254 2692 rus
262 2634 376 2689 carmine
385 2647 432 2682 suo
440 2627 537 2680 fortem
547 2625 667 2695 adpellat.
676 2626 716 2679 M.
764 2628 875 2681 salutem
886 2628 1039 2682 hominibus
1051 2628 1149 2685 dando.
1162 2631 1243 2686 Pon.

244 2735 266 2785 7.
285 2713 328 2764 Me
336 2707 443 2775 fortuna
457 2708 518 2765 tibi,
540 2707 571 2755 de
586 2722 636 2770 pua
652 2696 719 2770 prod
801 2708 838 2759 13.
851 2710 932 2760 Decet
945 2710 1000 2760 hoc.
1015 2709 1082 2762 Hac
1098 2698 1262 2779 Arpentimet

210 2814 259 2848 noa
271 2809 368 2860 queror,
384 2790 432 2838 hoc
443 2791 496 2845 esi,
515 2785 638 2835 Tradidit.
649 2781 716 2833 Tres
767 2783 844 2850 alius,
865 2784 934 2853 quod
951 2785 1078 2839 Heinsius
1090 2788 1192 2855 probet.
1229 2840 1233 2847 ,

209 2877 430 2945 puodconqueror,·
444 2884 488 2917 sex
500 2882 550 2916 ron
561 2877 713 2929 corruerem
799 2864 836 2915 ιθ.
846 2865 873 2915 A
882 2864 982 2931 Superis
994 2874 1054 2916 orta
1062 2864 1263 2920 nobilitaretu-

209 2971 279 3008 unus
291 2949 413 3002 Vatican.
424 2963 474 2996 πππ
485 2960 626 3010 conquerar.
636 2940 715 3009 lege,
763 2942 869 2997 bilitatis
890 2963 904 2996 a
918 2942 976 2998 Diis
998 2944 1133 3016 originem
1153 2944 1264 3001 ducentis

210 3021 511 3097 reconpuerartdeinde
531 3022 646 3074 Prodidit
664 3020 717 3072 Ar·
765 3019 826 3073 Hoc
844 3020 1011 3075 autemdicit
1030 3034 1142 3092 propter
1161 3020 1263 3085 Eumol·

212 3107 350 3181 gentinus,
371 3102 503 3170 eleganter
515 3119 522 3163 ς
536 3097 586 3151 hoc
598 3108 653 3164 est,
666 3115 717 3148 ex·
766 3116 844 3166 pum,
861 3097 944 3151 filium
964 3099 1084 3167 Neptuni
1100 3111 1129 3155 et
1145 3099 1264 3164 Cltioo'es,

96 3180 105 3207 ι
213 3185 314 3262 posuit,
333 3179 435 3246 objecit·
455 3177 491 3229 Η,
767 3191 825 3240 quae
835 3173 887 3226 otia
900 3177 1009 3242 Boreo,
1023 3177 1264 3245 generosus-se

246 3268 270 3318 8,
291 3261 347 3312 Nor
361 3260 421 3308 duro
435 3259 514 3306 litore.
532 3252 592 3305 Non
610 3271 718 3321 aspero,
767 3270 840 3317 rem,
854 3263 884 3305 ut
894 3253 1013 3309 diximus.

213 3343 257 3400 sed
277 3337 408 3404 benigno,
430 3327 548 3398 placido,
567 3339 593 3381 et
606 3329 718 3399 propitio
802 3348 842 3382 no.
857 3333 1046 3386 Erichthonius.
1065 3326 1263 3399 Erichthonius,

215 3419 285 3485 2010,
296 3413 368 3484 quasi
378 3409 445 3461 dieat
453 3445 461 3471 ,
470 3424 518 3475 ego
528 3405 656 3475 relegatus
665 3417 719 3459 tau·
768 3427 813 3461 seu
830 3408 1011 3476 Erechtheus,
1034 3430 1080 3463 rex
1092 3410 1148 3467 fuit
1161 3411 1265 3479 Atlpm·

215 3513 294 3569 quam
312 3487 468 3554 naufragus,
485 3483 591 3551 supplex
611 3484 643 3536 ad
660 3484 720 3539 litus
770 3506 846 3554 rum,
857 3506 935 3557 quem
945 3487 1067 3541 Minerva
1079 3489 1265 3543 erureubinc·

213 3576 293 3635 tuum'
310 3567 448 3636 coniugio,
468 3581 612 3633 precorque
629 3575 659 3617 ut
676 3584 719 3619 me
770 3579 811 3622 tus
822 3579 893 3635 erat,
907 3569 1034 3637 srrscepit,
1048 3564 1266 3639 educationem

214 3645 457 3722 benigneexcipias.
770 3642 1265 3718 Atheniensipopuloproregetraditlit:

251 3752 290 3787 ιο.
299 3731 352 3781 Nec
357 3722 518 3793 larentierra.
529 3723 569 3776 Ex
581 3741 634 3792 quo
644 3731 721 3791 poeta
769 3722 881 3792 ideoque
895 3724 931 3777 illi
946 3742 1034 3776 annua
1053 3725 1176 3780 solennia
1189 3722 1265 3778 Athe·

215 3809 317 3872 innota,
328 3806 380 3860 illic
388 3807 512 3859 tutiorem
518 3803 608 3858 sedern
615 3820 722 3872 speran-
769 3801 873 3855 nienses
883 3812 963 3870 agunt
978 3812 1118 3857 taurorum
1130 3817 1265 3875 agnorun-

216 3887 372 3953 dam‚quam
380 3883 407 3936 in
414 3881 660 3950 mariQuodsisibi
668 3890 721 3932 tam
770 3900 821 3950 que
833 3880 971 3936 sacrificiis.
983 3880 1055 3935 Vide
1068 3883 1155 3939 Noui.
1164 3882 1205 3937 lili
1220 3877 1262 3945 IV,

213 3962 294 4032 longa
305 3962 470 4031 navigatione
489 3958 620 4030 pepercit,
637 3957 721 4009 mrrlto
770 3978 824 4028 cap.
838 3964 860 4012 5.

218 4041 300 4110 magis
310 4041 366 4109 ejus
377 4051 474 4094 terram
487 4037 609 4107 intelligit
625 4034 724 4088 debere
803 4059 843 4091 ar.
853 4034 1259 4095 llocrecumcomneliertfloe
1302 4052 1306 4069 ·

218 4118 456 4188 ciparcere.Nostri
465 4121 606 4174 habentne.
616 4135 664 4186 pro
669 4135 723 4169 rec.
770 4127 822 4186 est,
836 4117 881 4170 tibi
891 4135 952 4169 eum
964 4117 1022 4172 Diis
1032 4137 1190 4186 commune,
1201 4105 1258 4189 qued

221 4234 224 4239 ·
254 4219 291 4252 rr.
309 4201 453 4255 Snbcurrere
463 4205 551 4269 lapsis.
570 4197 656 4252 Cicer.
674 4215 722 4266 pro
770 4215 859 4266 preces
867 4195 1001 4263 exaudias,
1014 4197 1228 4268 quemndmodw
1235 4195 1255 4240 ‘l
