2624 4816
188 410 228 475 P.
254 405 540 476 BURMANNUS
562 409 607 474 Τ.
634 407 667 475 Δ
690 408 999 482 VELTHUISFN.
1070 415 1135 509 493

56 554 131 624 Nos
149 578 305 651 quoque,
322 549 451 623 Nasoni
469 548 620 623 studiosa
639 567 782 640 caterva,
798 570 923 651 poetae,
1105 581 1136 630 25

106 666 237 766 Ibimus
255 666 290 738 in
308 664 424 740 laudes
443 665 646 766 obsequiosa
664 684 745 742 tuas.

57 784 114 854 Tu
129 781 248 869 modo,
266 810 364 882 quem
381 780 533 882 lacrymis
552 781 661 856 Caesar
678 783 899 887 precibusque
915 787 1049 884 negavit

107 901 267 984 Ferreus,
287 897 438 998 auspicio
454 897 511 971 des
530 897 668 971 meliore
685 898 806 974 locum.

59 1017 195 1103 Pande,
214 1043 352 1116 precor,
375 1033 483 1104 tutos,
500 1014 654 1090 viridaria
672 1015 781 1107 culta,
798 1047 968 1112 recessus,

22 1155 31 1175 ¹
109 1135 155 1205 Et
167 1150 292 1206 recreet
309 1132 443 1227 longam
460 1130 568 1209 laetior
584 1132 702 1206 umbra
716 1132 852 1230 sugam:

59 1250 108 1323 Te
127 1247 264 1335 domus,
283 1247 455 1322 exsulibus
476 1275 606 1350 semper
622 1265 784 1338 reserata,
802 1250 935 1325 Tbuani

109 1361 271 1462 Exemplo
288 1378 438 1449 moveat,
456 1361 508 1434 vir
524 1388 702 1456 generose,
721 1390 793 1436 suo.

26 1504 29 1509 ’
60 1478 228 1581 Principis
245 1479 300 1554 bic
318 1478 464 1567 rabiem,
482 1479 661 1579 patrieque
678 1480 819 1554 immane
837 1508 986 1556 noverca

10 1658 12 1666 .
109 1600 200 1671 Dum
215 1596 337 1686 scelus,
357 1614 390 1670 et
404 1595 469 1670 diri
486 1596 623 1671 carceris
639 1615 732 1672 antra
747 1597 853 1694 sugit,

62 1715 219 1802 Grotius,
238 1711 292 1785 ille
309 1710 387 1812 lyrae
403 1711 503 1786 decus
517 1712 720 1802 immortale,
741 1731 892 1815 togaeque

110 1831 226 1916 Fama,
244 1825 408 1927 peregrini
424 1825 528 1900 sensit
544 1827 667 1900 amoris
683 1852 792 1928 opem.

63 1946 241 2033 Heinsius,
260 1961 299 2017 ut
315 1943 467 2044 profugis
484 1943 541 2044 pia
560 1962 644 2018 tecta
661 1963 773 2045 patere
790 1947 902 2047 poetis

112 2063 239 2149 Sensit,
258 2079 291 2134 et
308 2060 363 2133 bic
380 2059 509 2134 miseris
527 2061 594 2133 otia
613 2059 686 2134 laeta
704 2061 797 2148 dari,

64 2175 205 2271 Colligit
220 2204 237 2248 e
255 2175 419 2276 Scythicis
435 2177 560 2250 cineres
578 2176 720 2248 Nasonis
737 2176 864 2264 arenis,

114 2297 220 2393 Inque
236 2292 416 2366 Tbuaneos
435 2291 617 2365 transvehit
635 2320 709 2365 ossa
727 2291 821 2365 lares.

63 2410 110 2480 Et
124 2410 249 2479 Ratavo
267 2407 398 2480 socians
413 2404 542 2500 Peligni
560 2405 647 2479 ruris
667 2405 855 2493 alumnum,

112 2528 190 2599 Pert
206 2526 290 2598 bene
309 2524 497 2624 composito
516 2524 628 2599 debita
642 2525 731 2622 justa
746 2525 836 2624 pari:

61 2646 258 2742 Doctaque,
278 2671 319 2715 ne
337 2659 499 2742 premeret
515 2669 628 2715 manes
645 2669 705 2740 per
721 2639 830 2714 secula
848 2639 990 2730 crimen,

114 2757 198 2829 Mite
214 2756 434 2857 patrocinium
452 2785 517 2829 vox
537 2755 710 2854 utriusque
729 2753 832 2827 subit.

62 2872 116 2944 Sit
133 2870 210 2945 licet
225 2871 361 2944 inferior
378 2888 472 2944 tanto
489 2899 561 2943 mea
577 2899 671 2944 musa
688 2888 802 2971 poeta,

100 2987 333 3088 'Carminaque
351 3016 367 3060 e
387 3015 467 3060 vena
483 2988 681 3087 pauperiore
699 2986 822 3074 lluant3

61 3108 117 3179 Tu
136 3123 246 3180 tamen
263 3104 492 3191 Heemstedio,
512 3132 611 3204 quam
629 3106 809 3177 Maecenate
826 3104 985 3193 Thuano,

112 3221 254 3308 Laetior,
273 3249 291 3292 e
307 3218 462 3320 Scythico
479 3219 617 3315 frigore,
636 3223 744 3308 Naso,
763 3220 842 3293 redi.

64 3339 176 3436 Hujus
191 3354 230 3410 ut
246 3337 281 3409 iu
298 3337 426 3410 sacrum
442 3335 544 3408 fueris
562 3334 730 3436 penetrale
747 3355 920 3438 receptus,

115 3454 197 3527 Pars
213 3452 372 3526 exhausta
388 3451 437 3523 tui
454 3478 571 3546 magna
589 3450 712 3526 laboris
729 3452 801 3525 erit.
818 3516 823 3525 .

64 3571 117 3642 Tu
136 3569 235 3642 modo
254 3566 458 3668 squalentes,
479 3566 589 3641 luctus
604 3567 766 3663 insignia,
783 3586 890 3643 vestes

113 3684 225 3771 Pone,
242 3712 303 3757 nec
318 3682 456 3757 hirsutis
474 3683 676 3784 conspiciare
694 3685 808 3758 comis.

65 3798 223 3872 Criminis
240 3797 452 3872 Heemstedio
471 3797 582 3873 demet
597 3828 714 3874 manus
727 3797 862 3898 auspice
878 3814 992 3870 nostra

114 3913 287 4003 Dedecus,
304 3915 339 3986 in
357 3914 482 3988 cineres
500 3912 646 3987 officiosa
661 3931 747 4011 tuos.

66 4031 141 4103 Hoc
161 4029 267 4117 duce,
284 4029 362 4101 dum
378 4029 474 4110 tersis
492 4027 638 4106 maculas
655 4055 727 4101 mea
744 4054 823 4098 cura
839 4024 960 4101 libellis
1105 4049 1138 4102 55

114 4146 287 4234 Detrahit,
306 4147 477 4221 immunda
494 4145 567 4225 labe
584 4145 710 4225 levatus
728 4171 792 4223 eas.
