2624 4816
122 395 164 461 50
410 396 450 461 P.
482 392 661 463 OVIDH
686 392 910 464 NAsouls
995 396 1000 405 '

169 532 456 637 Hellespontiacas
472 532 528 609 illa
543 532 658 630 relegit
676 563 780 637 aquas
794 564 803 625 ς

119 653 387 753 Dardaniamque
404 652 503 754 petit,
522 652 667 726 auctoris
683 681 804 726 nomen
821 653 1015 745 habentem,
1158 680 1188 731 25

171 767 217 838 Et
234 783 282 853 te,
299 763 457 853 ruricola,
473 769 669 867 Lampsace,
687 783 759 839 tuta
776 768 859 841 Deo.

123 884 285 984 Quaque,
302 911 360 984 per
379 901 536 980 angustas
550 869 648 958 ventsse
664 884 750 959 male
767 884 904 982 virginis
921 885 1048 974 undas,
1106 879 1112 891 ⁸

122 1093 220 1147 thracia
227 1090 378 1162 digressurus
386 1103 461 1146 erant
470 1091 529 1145 duee
536 1112 630 1158 naves,
678 1092 758 1158 dum,
772 1104 802 1146 ut
813 1112 872 1146 eam
885 1103 989 1148 tantum
998 1095 1077 1149 maris
1088 1108 1190 1167 partem

122 1171 402 1242 quarumaltera‚quae
410 1168 539 1224 Ovidium
550 1171 630 1224 vehe-
677 1168 823 1238 significet,
839 1189 897 1239 quse
908 1171 973 1224 eitra
988 1170 1078 1225 fauces
1091 1183 1138 1227 est.
1155 1176 1191 1232 Et

121 1251 181 1316 bat,
191 1249 323 1302 sinistrum
331 1248 499 1316 Propontidis
506 1267 627 1315 cursum,
678 1249 714 1303 sic
725 1261 794 1304 recte
807 1251 962 1321 intelligitur
973 1252 1109 1322 reliquisse
1122 1255 1190 1309 Hel-

121 1328 202 1382 altera
217 1347 279 1378 vero
294 1326 414 1379 dextrum
427 1325 520 1378 tenuit.
535 1327 629 1379 Bisto-
678 1327 825 1397 lespontum
839 1329 928 1396 navis,
946 1349 1020 1399 qua,
1032 1349 1065 1385 eo
1078 1332 1134 1399 jam
1146 1353 1192 1386 sn·

121 1411 177 1461 rios
187 1424 295 1472 campos.
307 1404 460 1457 Threicium
474 1403 541 1456 litus.
554 1405 629 1456 Pede.
678 1416 788 1474 pereto,
806 1406 873 1475 ipsas
891 1406 980 1460 lauces
999 1408 1116 1477 ingressa
1132 1409 1191 1463 luit.

122 1485 190 1541 Velo
202 1506 208 1538 ε
221 1504 279 1554 pars
290 1503 337 1553 pro
350 1495 412 1537 toto.
426 1484 503 1536 Meu.
518 1511 551 1522 -
563 1485 629 1535 Nam
678 1483 798 1537 Mtcrtt.
810 1514 843 1526 -
853 1488 905 1538 Illa
914 1490 1016 1556 reliquit
1026 1507 1116 1556 aquas.
1129 1489 1192 1543 Me·

120 1569 185 1620 mihi
197 1567 331 1631 ,Bistonius
343 1566 442 1629 placui!
452 1564 517 1626 pede
530 1580 630 1629 carpere
677 1561 807 1618 donianus
818 1568 927 1633 relegi&
942 1575 1005 1634 puto
1015 1573 1129 1635 peregit,
1147 1580 1191 1623 aut

121 1634 230 1710 campos.
237 1640 409 1693 Hunclocum
416 1638 519 1692 Merula
529 1678 536 1703 ,
546 1658 628 1708 quum
677 1640 741 1708 quid
752 1641 835 1694 simile
845 1662 851 1704 3
866 1660 928 1694 nam
938 1643 1074 1711 quomodo
1083 1646 1190 1716 reliquit

118 1721 255 1778 sententiae
263 1737 316 1772 suae
325 1716 463 1770 deduabus
470 1717 588 1784 navibus,
595 1717 628 1770 de
680 1722 900 1794 Hellespontum,
917 1743 975 1792 quae
988 1725 1152 1781 Dardaniam
1163 1740 1192 1783 et

121 1821 198 1871 quaa
211 1797 338 1868 principio
350 1797 533 1864 meminimus,
550 1794 629 1866 repu-
679 1799 850 1870 Lampsacum
859 1802 1121 1874 etAbydum‚iuipsis
1127 1807 1190 1861 Hel·

121 1896 201 1948 guare
211 1875 327 1940 videret,
335 1878 423 1942 pedem
432 1874 563 1943 prolune,
574 1893 627 1943 quo
675 1879 1188 1949 lespontisaucibussitas,aditurasit?H.

119 1957 176 2010 vela
188 1956 295 2008 navium
309 1948 453 2022 regnotum
466 1973 567 2020 campos
579 1973 627 2006 au·
710 1961 750 2010 25.
761 1961 968 2029 Dardaniamque
972 1964 1045 2026 petit.
1053 1961 1189 2019 Dardania

120 2046 175 2090 tem
183 2052 231 2102 pro
241 2030 419 2101 aequore‚sive
429 2031 494 2082 mari
501 2033 626 2099 exposuit.
675 2035 738 2089 urbs
752 2034 802 2088 luit
815 2036 842 2089 in
858 2037 933 2090 litore
947 2037 1114 2108 Hellesponti
1126 2042 1189 2096 sita:

121 2111 185 2164 Atsi
193 2107 302 2162 alteram
311 2104 623 2177 expositionemrecipias‚
675 2133 739 2166 nam
757 2125 815 2183 post
833 2113 957 2187 Abydum
973 2115 1188 2184 promontorium

119 2188 152 2242 de
165 2206 219 2240 una
232 2187 306 2252 navi,
319 2205 400 2254 eaque
410 2185 463 2237 sola
476 2197 627 2254 quoepoetae
676 2201 715 2243 est
732 2190 913 2256 Dardanium,
933 2201 960 2246 et
975 2192 1065 2247 civitas
1077 2193 1188 2249 Darda-

119 2269 184 2336 tuit,
199 2289 249 2338 qua
257 2269 284 2321 in
292 2267 343 2322 hoe
354 2267 410 2320 loeo
420 2266 524 2333 relicta,
536 2267 562 2320 in
573 2277 626 2320 ter-
676 2267 733 2336 uia,
748 2269 851 2341 posted.
860 2271 891 2323 ab
900 2269 995 2340 Abydo
1004 2271 1111 2328 distans.
1120 2278 1190 2329 Pem

119 2369 176 2404 ram
198 2367 315 2418 egressus
332 2345 392 2412 ille,
411 2345 542 2414 reliquum
558 2345 624 2412 iter,
676 2358 764 2401 autem
773 2366 821 2417 pro
828 2348 919 2417 petivit
927 2347 1046 2402 nltimam
1054 2351 1187 2420 producit,

118 2439 164 2482 aut
181 2437 284 2497 partem
300 2424 409 2492 saltem,
427 2444 474 2494 per
485 2424 625 2478 Thraciam
676 2434 705 2479 ut
718 2426 795 2478 verba
806 2426 896 2479 omnia
904 2445 1048 2498 syncopam
1055 2426 1188 2485 habentia:

117 2507 211 2573 itipere
226 2504 342 2560 terrestri
352 2502 460 2563 fecerim
473 2520 518 2555 sua
527 2521 555 2555 ac
563 2519 625 2570 pro-
675 2505 893 2556 Nomenauclorr's.
902 2506 1007 2559 Nomen
1016 2504 1188 2562 Dardanide

117 2580 173 2654 pria
184 2581 338 2652 significatio
356 2580 440 2634 verbis
454 2590 557 2643 maneti,
570 2597 626 2631 ne·
674 2580 712 2633 vis
721 2579 782 2645 filii,
797 2581 841 2649 qui
857 2600 915 2634 eam
927 2581 1052 2636 condidit.

117 2680 168 2729 que
180 2680 268 2713 versus
280 2661 334 2728 ipse
349 2658 495 2728 quiequam·
504 2655 625 2711 difficu-
709 2655 747 2710 26.
757 2659 835 2720 Erre,
845 2663 968 2721 ruricola,
984 2659 1129 2727 hmpsace
1137 2672 1187 2716 eto

116 2741 175 2793 tatis
187 2739 274 2793 habet.
592 2765 595 2769 ’
675 2734 847 2804 Lampsacum
859 2738 938 2792 etiam
948 2739 1111 2808 pervenitab
1122 2741 1187 2794 urbe

151 2821 191 2884 ²4·
213 2821 432 2885 Hellespontiacas
455 2821 504 2871 illa
526 2819 628 2885 relrpuit
675 2812 809 2868 Dardania
829 2834 835 2868 :
853 2816 1010 2870 irritantem
1028 2816 1187 2887 Lampsacus

116 2894 624 2964 aquas.Nonparumdilsrcultatisetiam
674 2892 736 2946 urbs
744 2893 852 2964 insignis
860 2893 891 2946 ad
901 2913 973 2948 mare
981 2895 1187 2966 sita,qusepor·

117 2973 159 3026 hie
170 2991 258 3025 versus
269 2972 362 3039 habet,
375 2974 519 3041 presertim
529 2973 557 3026 iu
569 2991 625 3025 var·
674 2984 731 3026 turn
742 2975 872 3044 optimum
884 2973 991 3029 hahuit:
1004 2974 1076 3042 prius
1082 2978 1186 3030 euersa

117 3053 152 3105 bo
163 3055 275 3118 reliqur't‚·
288 3069 349 3103 nam
363 3050 497 3120 quomodo
508 3050 624 3104 dicamus
671 3051 822 3105 vocabatur.
830 3053 881 3106 Per
889 3053 980 3105 Deum
990 3061 1079 3106 autem
1093 3059 1185 3107 tuneo·

117 3149 230 3195 navem,
250 3149 308 3198 que
322 3128 485 3182 Dardaniam
501 3128 623 3198 petebat,
673 3131 724 3179 lam
735 3129 862 3199 Priapum
873 3129 1005 3197 intellige3
1022 3130 1067 3199 qui
1081 3131 1122 3185 vir
1134 3131 1184 3185 luit

115 3209 143 3261 in
156 3207 216 3276 ipsis
226 3207 344 3260 saucibus
357 3205 520 3275 Hellesponti
531 3206 622 3271 sitam,
673 3225 704 3258 ex
718 3206 859 3276 Lampsaco
872 3208 934 3261 urbe
950 3208 1132 3277 Hellesponti;
1151 3211 1183 3264 de

117 3285 319 3354 Hellespontum
327 3281 474 3353 reliquisse?
483 3283 537 3335 Aut
545 3283 624 3351 igitur
673 3303 724 3354 qua
735 3286 840 3355 pulsus,
851 3297 958 3356 propter
971 3287 1181 3344 obscenitatem:

118 3365 250 3429 dieamus,
263 3362 352 3416 deesse
364 3361 421 3416 loco
434 3361 495 3414 huic
508 3360 621 3430 aliquid,
674 3375 747 3417 vocat
759 3373 847 3417 autem
859 3367 940 3417 Deum
952 3369 1100 3430 ramsolam,
1109 3385 1183 3435 quo-

115 3444 156 3498 vel
174 3461 223 3514 pro
239 3441 320 3494 verbo
330 3445 445 3508 reliquit,
458 3439 565 3510 relegit,
577 3451 623 3496 aut
672 3443 743 3497 niam
756 3443 784 3496 in
795 3443 876 3497 hortis
887 3442 989 3496 colitur.
1089 3484 1094 3491 .

114 3523 199 3578 simile
222 3517 316 3587 aliquid
338 3516 522 3586 reponendum
546 3539 622 3587 esse,
705 3543 744 3590 ²7·
761 3527 812 3576 Per
825 3532 947 3591 angustas
964 3524 1055 3577 undas.
1070 3521 1184 3579 Vastum

113 3614 145 3656 ut
160 3601 193 3656 sit
214 3596 344 3652 sententia
364 3614 370 3647 :
390 3614 439 3664 ego
453 3594 560 3664 quidem
575 3616 624 3666 per
671 3601 744 3656 enim
757 3620 829 3654 mare
847 3600 989 3670 praejacens
1002 3601 1090 3668 nee,
1104 3613 1133 3656 et
1151 3604 1182 3656 ab

115 3699 219 3750 campos
228 3676 359 3732 Bistonios
366 3674 492 3744 proficisci
500 3675 624 3746 deinceps
673 3682 779 3751 Europa
798 3690 919 3750 porrecto
934 3678 1093 3735 Chersonesi
1107 3681 1183 3735 litore

113 3756 237 3811 conditui
248 3756 305 3810 :illa
316 3764 404 3808 autem
414 3753 624 3823 (narisscilicet)
672 3760 806 3829 expulsum
816 3781 822 3823 ;
836 3769 946 3830 angusto
957 3769 1047 3813 meatu
1060 3761 1185 3830 irrumpit

116 3834 281 3903 Hellesponti
298 3832 411 3902 relegit,
432 3832 485 3885 sive
502 3833 625 3902 repetivit
670 3837 809 3905 interrae,
823 3849 924 3908 septem
939 3838 1085 3891 stadiorum
1099 3840 1184 3894 inter-

115 3931 210 3982 aquas,
221 3911 383 3967 transeundo
394 3909 490 3965 seilicet
500 3910 621 3964 dextrum
670 3917 738 3970 vallo
752 3915 894 3987 ¹Europam
918 3916 1065 3970 discindens
1092 3919 1161 3972 mie
1175 3940 1181 3979 t

112 3995 197 4060 latus,
209 4003 237 4045 et
248 3989 533 4062 petendoDardauiam
544 3990 572 4043 iu
583 3991 626 4060 ipa
671 3992 769 4060 hasque
782 3995 911 4062 angustias
923 3993 1127 4063 Hellespontum
1137 4013 1181 4048 voe

111 4077 146 4130 sis
165 4072 282 4127 faucibus
299 4074 391 4141 sitam,
411 4084 459 4128 etc.
479 4072 533 4125 Aut
550 4082 621 4127 certe
670 4073 870 4138 uenustissimi
886 4075 952 4124 male
969 4085 1053 4125 vecta.
1072 4074 1180 4139 Helles,

114 4151 282 4221 Hellesponti
303 4170 405 4205 nomen
427 4152 464 4206 ita
489 4149 621 4220 aecipien-
671 4167 729 4218 quse
740 4147 830 4202 hausta
841 4149 963 4204 fluetibus
974 4151 1058 4220 periit.
