2624 4816
112 426 180 511 ωε
389 429 427 490 r.
461 427 645 494 ovron
678 425 909 498 nasonis

163 568 288 643 Delicti
307 585 415 643 tamen
433 586 482 642 est
497 596 592 643 causa
610 569 782 670 probanda
798 572 873 645 mei.

114 693 190 764 Non
206 687 317 788 potuit
335 714 406 760 mea
421 714 531 775 mens,
549 687 632 787 quin
646 706 732 762 esset
747 707 858 784 grata,
877 691 1004 764 teneri:

164 805 231 891 Sit,
252 831 384 905 precor,
401 802 510 877 officio
526 832 595 876 non
611 804 717 899 gravis
731 805 777 878 ira
795 806 864 907 pio.

115 923 148 996 Ο
167 919 299 1021 quoties
316 946 378 1012 ego
396 945 469 991 sum
483 915 578 991 libris
593 917 677 992 mihi
694 918 784 993 visus
801 919 836 991 iu
855 919 929 994 istis

163 1033 306 1133 Impius,
323 1033 357 1104 in
377 1028 469 1104 nullo
486 1030 578 1132 quod
594 1029 738 1128 legerere
754 1030 853 1119 loeo!

115 1153 148 1226 Ο
165 1150 312 1250 quoties,
330 1147 417 1223 aliud
433 1146 548 1223 vellem
565 1178 669 1249 quum
687 1148 846 1236 seribere,
865 1179 988 1224 nomen

163 1264 308 1338 Rettulit
325 1264 359 1336 in
377 1292 466 1336 ceras
483 1262 585 1335 iuseia
602 1261 715 1336 dextra
731 1264 844 1336 tuum!

113 1380 190 1480 lpse
207 1378 290 1451 mibi
306 1376 431 1477 placuit
446 1376 573 1449 mendis
590 1376 626 1447 iu
645 1375 768 1449 talibus
786 1405 900 1465 error,

165 1497 210 1566 Et
226 1492 280 1566 vix
295 1492 397 1565 iuvita
412 1491 495 1567 saeta
512 1491 613 1566 litura
628 1520 728 1565 manu
746 1511 806 1567 est

114 1607 244 1680 Viderit
261 1605 302 1677 ad
322 1633 505 1691 summum,
523 1603 610 1692 dixi,
630 1604 707 1678 licet
724 1606 796 1706 ipse
811 1624 985 1706 queratur3
1143 1630 1164 1680 15

163 1725 259 1795 Hane
274 1721 378 1822 pudet
396 1721 558 1795 offensam
573 1750 643 1796 non
659 1722 818 1798 meruisse
830 1722 948 1824 prius!

114 1841 167 1913 Da
183 1838 289 1925 mihi,
311 1838 338 1911 si
358 1836 438 1937 quid
458 1864 495 1910 ea
512 1856 581 1926 est,
598 1839 809 1912 hebetantem
825 1857 960 1939 pectora
976 1839 1120 1927 bethem

62 2003 68 2011 -
164 1954 301 2030 Oblitus
318 1971 436 2054 potero
450 1983 520 2027 non
537 1973 646 2029 tamen
664 1983 734 2029 esse
748 1956 807 2028 tui.

116 2071 221 2172 quue
240 2072 328 2144 sinas
346 2099 424 2157 oro;
443 2099 505 2144 nec
521 2071 668 2145 fastidita
684 2071 824 2172 repellas

163 2185 297 2271 Verba;
317 2213 377 2257 nee
397 2184 508 2258 officio
529 2186 653 2259 crimen
670 2187 777 2261 inesse
793 2204 901 2286 putes.

115 2305 160 2375 Et
176 2299 257 2375 levis
272 2300 341 2373 haec
359 2301 486 2374 meritis
502 2301 662 2375 reseratur
680 2301 785 2395 gratia
801 2301 925 2374 tantis:

164 2418 224 2490 Sin
241 2417 370 2502 miuus,
387 2417 494 2488 invito
510 2433 542 2488 te
560 2446 693 2517 quoque
711 2435 824 2511 gratus
843 2445 908 2490 ero.

115 2537 294 2632 Nunquam
311 2533 406 2632 pigra
421 2531 486 2604 suit
501 2532 627 2606 nostris
642 2550 699 2605 tua
716 2533 819 2628 gratia
836 2534 955 2623 rebuS‚

164 2649 232 2722 Nec
248 2645 330 2718 milri
347 2644 518 2720 munificas
533 2674 607 2732 arca
623 2647 756 2741 negavit
773 2674 862 2746 opes.
932 2716 934 2720 .

117 2762 215 2833 Nunc
231 2787 365 2860 quoque
385 2758 434 2831 nil
452 2759 572 2833 subitis
589 2758 761 2832 elementia
776 2759 889 2833 territa
904 2759 982 2834 latis
1143 2777 1166 2828 25

164 2873 333 2948 Auxilium
351 2874 424 2946 vitae
440 2875 570 2974 fertque
581 2920 595 2959 ‚·
608 2874 756 2974 feretque
773 2902 861 2947 meae.

116 2992 229 3078 Unde,
248 3021 344 3088 roges
361 2993 489 3079 forsan,
507 2990 628 3065 fiducia
645 3010 736 3066 tanta
754 2991 858 3065 futuri

119 3168 175 3210 tem
186 3158 318 3209 contrahis
327 3168 353 3210 et
364 3158 495 3225 irasceris,
504 3157 575 3226 quod
582 3177 626 3227 po·
711 3162 748 3210 15.
770 3162 871 3212 W'derr't
877 3162 1050 3216 adsumtum.
1060 3158 1167 3213 Adsun-

119 3237 221 3289 namin
235 3236 301 3288 meis
312 3237 412 3305 scriptis
421 3249 466 3290 tua
477 3239 594 3290 nomina.
673 3259 740 3291 nram
753 3240 780 3290 iu
794 3239 937 3293 nonnullis.

150 3318 174 3366 8.
187 3316 243 3368 Pio.
260 3315 290 3365 Ρ.
302 3312 372 3366 Dan.
385 3335 446 3369 meo.
624 3310 627 3315 ¹
710 3316 748 3368 ιθ,
759 3315 816 3370 Aa!
825 3320 905 3382 pudet
912 3314 1051 3384 offirma.
1059 3321 1168 3385 {rampe

152 3411 176 3463 q.
196 3393 329 3458 Oquoties.
336 3392 520 3461 Diquotiespr.
529 3391 630 3445 Medic..
675 3397 718 3446 det
739 3413 779 3463 pr.
793 3393 867 3446 Med.
879 3405 906 3446 et
920 3405 1038 3462 quatuor
1048 3395 1136 3451 aliill·
1155 3408 1158 3415 '
1174 3458 1176 3462 .

119 3471 155 3523 H.
163 3497 195 3509 -·
209 3469 241 3520 In
251 3471 400 3531 istisfibris.
413 3469 445 3520 ln
458 3469 507 3522 hoc
518 3469 550 3522 de
560 3471 629 3524 Pon·
709 3473 748 3525 23.
756 3474 888 3540 Numqmm
894 3471 1038 3541 ptyralru't.
1046 3476 1168 3543 Nunquam

120 3561 147 3604 to
159 3569 246 3620 opere.
678 3548 924 3603 defuit-Nostris
938 3556 1023 3605 rebus.
1042 3555 1075 3607 Iu
1091 3549 1168 3608 nost&

154 3649 192 3683 ro.
205 3631 236 3680 In
244 3630 313 3680 nullo
324 3629 389 3678 Ioco.
400 3627 433 3679 In
444 3628 516 3680 nulla
527 3629 628 3697 pagina.
678 3628 882 3681 necessitatibus.

153 3711 314 3760 rastellum.
326 3706 459 3758 Posuit·
466 3709 586 3779 laceras.
595 3710 626 3762 ln
710 3708 751 3759 25.
768 3708 871 3775 stoque
883 3707 1015 3776 refertque.
1033 3709 1076 3764 Ad
1091 3709 1130 3762 lib.
1146 3705 1167 3770 l,

117 3786 217 3840 tabulas
230 3795 336 3839 ceratas.
677 3785 756 3839 Trist.
775 3784 846 3854 Eleg.
864 3801 908 3851 vr,
923 3787 1016 3841 monui
1029 3787 1108 3842 videri
1117 3782 1167 3840 scri·

153 3866 189 3919 13.
207 3867 267 3931 Ipse
276 3869 447 3932 milr‘placut't.
458 3867 518 3932 Ipse
528 3870 625 3935 quidem
677 3861 794 3916 bendum
803 3902 811 3929 ,
813 3863 915 3932 fertque
916 3862 1051 3934 feretque;
1062 3862 1126 3935 quod
1136 3878 1167 3913 se·

119 3961 158 4008 pr.
171 3941 264 4009 editio,
278 3954 305 3996 et
316 3943 473 4012 duosrripti.
489 3945 579 4018 Forte,
587 3948 626 4013 Jp-
678 3940 786 4010 quentia
797 3941 944 4010 requirunt.
956 3943 992 3996 H.

120 4038 148 4071 se
157 4023 323 4086 sibr'placuit.
333 4022 370 4073 H.
381 4051 414 4061 -
424 4025 533 4074 Meudz's.
551 4027 627 4078 th‘s
709 4039 749 4088 27·
772 4020 845 4071 Unde
852 4020 1034 4088 rogassorsan.
1045 4016 1165 4087 Rogas&

120 4093 190 4155 duo;
203 4101 310 4149 maculis
320 4098 625 4168 unus3v1'uclr'sRegius3
675 4095 713 4148 sil.
729 4097 765 4149 H.
777 4125 811 4136 -
822 4098 917 4151 Futuri.
932 4098 1039 4154 Futurae
1047 4098 1099 4169 opis
1110 4107 1162 4156 tua,

119 4175 218 4238 maguis
226 4171 298 4225 Leid.
676 4177 737 4245 quia
747 4196 887 4248 nunquam
899 4198 943 4232 me
953 4179 1053 4234 fefellit.
