2624 4816
215 402 284 469 ux
307 397 486 470 rouro
509 404 605 471 ms.
632 405 711 472 111.
737 406 904 478 mrsu.
930 412 1048 480 v111.
1086 411 1167 497 ao

147 538 251 614 Nulla
268 559 426 641 premunt
442 571 552 616 ramos
568 544 716 644 pondere
734 574 832 645 poma
850 577 921 622 suo.

100 655 224 730 Tristia
243 654 409 731 deformes
426 657 561 756 pariunt
575 659 741 732 absinthia
758 663 881 763 campi,
1139 689 1168 739 ιε

147 773 318 871 Terraque
334 772 373 845 de
391 772 501 846 fructu
519 802 617 872 quam
634 774 677 848 sit
694 805 800 850 amara
820 778 923 853 docet.

99 887 158 961 Nil
174 889 278 983 igitur
296 907 365 962 tota
383 890 482 963 Ponti
501 890 634 985 regione
653 891 798 982 sinistri,

150 1006 255 1102 Quod
272 1034 344 1079 mea
360 1005 518 1079 sedulitas
534 1005 664 1080 mittere
682 1027 813 1108 posset,
830 1028 909 1083 erat.

99 1119 222 1194 Clausa
241 1138 351 1194 tamen
366 1120 443 1193 misi
459 1121 616 1222 Scythica
631 1123 694 1194 tibi
711 1121 775 1196 tela
790 1123 965 1223 pharetra:

147 1237 272 1324 Hoste,
289 1264 426 1336 precor,
443 1236 525 1310 {iant
541 1235 598 1310 illa
615 1255 748 1311 cruenta
765 1256 836 1311 tuo.
1133 1279 1167 1315 20

99 1351 173 1426 Hos
191 1352 292 1426 habet
308 1352 378 1424 haec
396 1352 558 1445 calamos,
574 1354 637 1428 bos
652 1354 722 1427 baec
737 1354 840 1427 babet
856 1382 912 1429 ora
925 1352 1081 1430 libellos:

146 1472 227 1544 Hac
244 1471 335 1567 viget
349 1473 385 1544 in
404 1473 548 1562 nostris,
565 1472 730 1559 Maxime,
747 1472 846 1544 Musa
863 1469 957 1544 locis.

99 1588 186 1684 Qua
203 1615 392 1687 quanquam
409 1588 537 1661 misisse
553 1588 675 1688 pudet,
696 1588 773 1687 quia
790 1614 890 1687 parva
906 1587 1076 1677 ridentur,

145 1704 200 1775 Tu
218 1717 327 1775 tamen
343 1701 432 1789 haec,
452 1731 582 1802 quaeso,
601 1702 736 1776 consule
752 1703 852 1776 missa
868 1703 962 1776 boni.

99 1873 151 1926 duo
163 1871 222 1934 alii;
235 1881 266 1924 ut
278 1872 356 1925 Trist.
372 1871 417 1938 ll,
439 1872 484 1938 143
496 1891 502 1925 ι
515 1893 528 1917 «
541 1871 607 1924 Vidi
634 1884 636 1887 '
654 1870 794 1939 madeant,
816 1891 899 1940 quum
917 1871 945 1924 in
959 1869 1076 1939 praelium
1098 1871 1153 1926 ibis.

99 1972 147 2023 ego
155 1952 300 2020 pampineis
311 1961 448 2004 oneratam
458 1952 553 2005 vitibus
564 1949 607 2004 ul·
687 1970 726 2003 αι.
739 1952 796 2002 Hos
812 1953 934 2002 calamos.
954 1950 1020 2002 Haec
1035 1949 1166 2003 scribendi

99 2050 182 2084 mum.
191 2051 205 2075 ›·
214 2030 267 2082 Hic
274 2030 346 2098 prius
352 2040 390 2082 est
402 2029 606 2098 praeferendum.
654 2026 847 2080 instrumenta:
861 2047 923 2080 narn
934 2026 1049 2079 Romani
1060 2027 1163 2080 calamis

132 2130 170 2178 17.
182 2111 262 2161 Ponti
271 2113 376 2160 sinistri.
392 2108 508 2161 Ponticae
520 2109 608 2178 regio-
656 2103 789 2166 scribunt;
806 2104 911 2176 Scytbae
927 2123 992 2157 vero
1008 2104 1111 2174 sagittas
1124 2104 1164 2157 sa·
1264 2161 1271 2172 ,

99 2188 137 2240 nis
145 2185 270 2250 infelicia
283 2186 316 2239 ad
324 2186 415 2239 laevam
424 2186 520 2239 Euxini
528 2185 606 2240 maris
656 2183 1164 2251 ciunt,quasquotidietractant,utnos

99 2268 157 2320 sitae.
656 2262 771 2315 Romani
782 2262 861 2315 libios
870 2273 896 2315 et
904 2262 1023 2315 calamos.

129 2364 169 2396 ao.
184 2347 263 2397 Fiam
272 2350 382 2397 emenia.
400 2339 504 2394 Cruore
519 2339 606 2395 hostili
688 2342 728 2393 23.
746 2342 859 2394 Mbr'sse.
873 2344 1019 2394 Meminisse
1033 2341 1149 2409 quidam.

99 2505 1158 2535 wa

413 2641 726 2728 EPISTOLA
760 2642 838 2727 lx.

411 2935 413 2939 ⁵
532 2988 737 3062 usuro

426 3296 805 3360 ‘ARGUMENTUbL

99 3441 231 3514 Quercuti
248 3440 352 3505 Bruto,
368 3436 440 3507 quod
457 3437 513 3491 baec
526 3436 644 3491 carmina
664 3437 693 3488 iu
714 3434 810 3487 eodem
830 3446 969 3489 versentur
989 3444 1160 3505 argumento,

123 3545 214 3594 neque
231 3524 285 3576 siut
299 3522 360 3575 satis
378 3529 513 3583 correcta,
534 3519 692 3586 respondet,
716 3538 743 3573 se
762 3518 865 3574 tristem
883 3538 977 3572 cauere
993 3519 1092 3584 tristia,
1114 3517 1161 3570 fa-

121 3624 251 3675 mamque
265 3603 351 3672 operis
361 3602 409 3656 sibi
422 3601 542 3653 viliorem
554 3619 609 3654 csse
621 3600 702 3654 salute
713 3618 768 3653 sua.

99 3762 243 3889 Quot)
268 3786 361 3859 sitin
377 3786 430 3858 his
449 3786 559 3858 eadem
577 3783 757 3872 sententia,
774 3784 878 3857 Bmte
891 3838 899 3868 ,
914 3779 1052 3870 libellis,

99 3944 102 3949 ’
138 3893 296 3979 Carmina
311 3903 423 3977 nescio
441 3931 539 4002 quem
555 3930 688 4001 carpere
706 3917 821 3973 nostra
834 3899 955 3970 relers:

125 4088 146 4123 r.
159 4072 399 4197 Eiffieiil'mm'
409 4068 510 4122 Eadem
518 4067 628 4122 materia
637 4085 689 4135 qua
698 4085 760 4121 usus
767 4083 826 4119 sum
835 4064 915 4117 etiam
927 4063 955 4116 iu
966 4062 1072 4133 reliquis
1081 4061 1160 4131 hujus

99 4161 179 4213 aperis
263 4161 291 4197 ts.
