2624 4816
123 392 183 457 r3o
389 388 430 453 P.
463 385 648 455 OVIDII
674 388 909 457 NASONIS

164 532 271 630 Inque
288 524 382 601 Getis
400 525 516 599 Graias
532 527 732 602 constituere
749 527 876 602 domos.

116 647 182 721 Sed
199 664 294 720 vetus
310 643 388 718 huic
405 671 544 730 nomen,
559 644 733 744 positaque
751 644 921 745 antiquius
935 643 1040 731 urbe,
1170 661 1186 713 5

166 761 306 833 Constat
323 758 366 830 ub
384 756 522 857 Absyrti
538 758 623 831 cede
640 757 761 848 fuisse,
780 757 867 833 loco.

116 879 201 949 Nam
216 892 304 961 rate,
323 902 395 975 quae
407 902 490 951 ,cura
506 875 666 976 pugnacis
678 875 765 951 facta
780 876 957 963 Minervae,

166 989 231 1093 Per
246 1016 313 1061 uon
330 1005 471 1062 tentatas
486 989 593 1088 prima
609 989 754 1063 cucurrit
768 1018 887 1091 aquas,

115 1107 222 1206 Impia
241 1107 405 1179 desertum
423 1106 554 1202 fugiens
572 1107 690 1181 Medea
706 1126 900 1209 parentem,

164 1221 298 1295 Dicitur
314 1221 367 1295 his
383 1251 493 1295 remos
510 1221 710 1322 adplicuisse
723 1225 825 1298 vadis.
993 1224 999 1241 '
1157 1258 1182 1294 ιο

117 1338 226 1434 Quem
245 1336 362 1436 procul
380 1355 418 1410 ut
435 1337 519 1410 vidit
537 1335 666 1410 tumulo
682 1338 870 1440 speculator
886 1338 929 1410 ab
944 1335 1033 1410 alto:

167 1454 317 1554 Hospes,
337 1452 401 1541 ait,
417 1479 538 1539 nosco,
557 1451 735 1541 Colchide,
754 1452 842 1539 vela,
858 1452 960 1525 venit.

115 1573 205 1644 Dum
221 1570 390 1670 trepidant
406 1569 551 1667 Minyae,
568 1568 648 1641 dum
666 1567 806 1643 solvitur
819 1596 936 1664 aggere
952 1567 1062 1656 sunio,

162 1692 254 1762 Dum
271 1687 423 1788 sequitur
441 1684 559 1761 celeres
576 1687 720 1761 anchora
738 1704 841 1760 tracta
857 1714 995 1773 manus;

115 1805 256 1878 Conscia
273 1803 438 1904 percussit
452 1803 646 1876 meritorum
662 1820 798 1903 pectora
816 1798 969 1887 Colchis,
1154 1824 1180 1874 15

163 1918 256 1989 Ausa
272 1933 372 2016 atque
391 1943 509 1989 ausura
526 1915 631 1989 multa
649 1916 787 1989 nefanda
805 1943 921 1988 mauu:

114 2039 179 2121 Et,
197 2062 397 2134 quamquam
416 2051 566 2133 superest
584 2034 701 2128 ingens
718 2030 852 2105 audacia
868 2031 991 2119 menti,

165 2149 277 2229 Pallor
293 2150 328 2221 iu
346 2148 499 2222 adtonito
514 2149 653 2243 virginis
670 2177 728 2223 ore
744 2149 846 2223 sedet.

148 2348 172 2398 5.
190 2345 242 2397 Sed
249 2346 388 2396 arctusbur'c
404 2360 493 2394 nomen
509 2351 558 2395 etc,
573 2341 626 2394 Hic
675 2361 755 2401 aureo
767 2341 862 2394 vellere
873 2341 1049 2409 aufugerant,
1067 2358 1100 2395 ex
1116 2339 1181 2395 Col-

116 2434 205 2492 apcrte
223 2421 370 2487 siguificat,
394 2422 488 2472 Tomoe
506 2418 593 2472 locum
611 2438 625 2472 a
674 2418 750 2472 cbide
764 2419 842 2487 aliqui
858 2418 1070 2487 insequerentur.

115 2500 185 2553 caede
199 2499 306 2570 Absyrti
318 2497 487 2550 nominatum
501 2516 507 2549 :
522 2497 567 2549 ubi
579 2516 626 2548 ur·
710 2501 1030 2565 12.Hospes.a1'l,nosco,
1047 2500 1181 2561 coettle,

116 2580 177 2631 bem
189 2587 278 2646 postea
288 2575 431 2629 condidere
445 2575 557 2642 Milesii,
569 2594 625 2627 ser·
674 2580 744 2636 vela,
763 2580 838 2628 sunit
856 2578 919 2627 Vela
935 2579 996 2627 dari
1007 2574 1126 2645 plerique
1139 2594 1183 2629 ve-

115 2667 175 2707 vato
187 2655 281 2724 prioris
294 2652 404 2706 nomine
419 2653 476 2705 loci.
674 2662 742 2706 teres
753 2671 813 2704 curn
828 2652 916 2720 priscis
926 2652 1087 2705 editionibus
1101 2672 1109 2707 ε
1125 2654 1185 2707 col-

149 2756 170 2803 7.
186 2741 246 2800 Quoe
256 2752 318 2785 cura
324 2736 457 2799 pugnacis.
473 2729 543 2796 Quae
554 2729 625 2797 Argo
644 2784 647 2789 ,
673 2736 750 2787 cbru'a
761 2734 840 2785 etiam
854 2732 958 2802 plurimi
971 2755 977 2797 3
997 2743 1052 2801 opt.
1065 2732 1184 2787 Vaticeu.

115 2811 188 2866 navis
204 2811 272 2863 facta
289 2829 351 2863 cura
372 2820 399 2861 et
417 2806 497 2860 tutela
515 2806 625 2859 Palladis
677 2813 850 2863 Cholcdidus:
869 2809 921 2861 duo
934 2814 991 2862 vela
1003 2812 1091 2873 dedit,-
1109 2808 1185 2879 prim.

115 2901 237 2954 armatae‚
256 2908 335 2958 quam
351 2890 446 2957 pictam
458 2887 556 2940 habuit.
569 2888 624 2939 Aut
674 2888 752 2942 Polit.
764 2893 822 2940 vela
833 2892 909 2954 velit‚¹
922 2888 1116 2941 Zulichemian.
1128 2892 1185 2943 uela

115 2969 249 3038 ingeniose
257 3007 264 3031 ,
273 2968 388 3032 curiose,
400 2978 427 3019 et
435 2967 516 3035 perite
528 2965 624 3018 factam
673 2968 811 3039 sequirsed
822 2968 925 3022 frustra,
937 2969 1030 3022 Scribo
1039 2989 1046 3022 :
1056 2990 1069 3015 ιι
1080 2969 1184 3035 Hostis,

116 3046 239 3115 intellige.
248 3044 369 3118 Hyginus
379 3045 459 3096 etiam
468 3043 556 3107 docet,
566 3061 626 3094 eam
674 3047 725 3112 ait,
739 3064 834 3111 nosco,
850 3044 986 3111 Colchidi,
999 3045 1057 3099 vela
1066 3085 1074 3112 ,
1083 3046 1186 3099 venit.»

116 3124 350 3194 Argoaceleritate
362 3141 444 3191 graece
457 3120 623 3189 adpellatnm;
673 3126 720 3177 Ait
738 3124 874 3188 Colchidi,
895 3122 975 3176 bostis
993 3124 1088 3190 venit,
1107 3140 1186 3178 nosco

116 3202 201 3254 veleb
214 3201 285 3269 Argo
297 3200 353 3268 ejus
365 3199 511 3251 inventore·
673 3203 737 3255 vela.
754 3202 820 3254 Haec
830 3212 869 3254 est
880 3200 1048 3255 constructio.
1058 3201 1186 3271 Adposite

149 3280 172 3332 8.
190 3279 239 3330 Per
251 3296 300 3327 nou
310 3284 429 3328 tentatas·
441 3274 558 3326 Primam
571 3292 624 3324 1¹³-
674 3289 762 3332 autem
775 3279 895 3348 perplexa
903 3279 988 3330 utitur
998 3278 1187 3348 orationespe·

115 3376 176 3410 vem
186 3375 246 3409 eam
256 3354 335 3407 fuisse
347 3354 396 3420 ait,
409 3354 436 3404 in
449 3372 528 3423 quam
541 3353 624 3422 Argo·
674 3357 783 3420 culator;
792 3356 863 3425 quod
875 3356 1012 3426 proprium
1019 3367 1059 3410 est
1065 3368 1188 3411 conster-

116 3448 203 3490 uautae
215 3433 432 3489 conscenderunt.
446 3433 479 3486 C.
672 3447 797 3489 natorum
810 3448 836 3489 et
852 3435 1049 3504 trepidantium.
1062 3438 1100 3490 H.

149 3536 187 3567 rr.
205 3516 291 3579 Quem·
305 3511 412 3563 Patrem
423 3509 535 3561 Medeae·
545 3510 624 3563 MEB·
708 3517 745 3568 13.
754 3518 823 3567 Dum
834 3518 961 3581 trepidare!
971 3515 1075 3585 Minya.
1089 3516 1184 3586 Argo-

115 3587 623 3659 -AEetesrexfugafilioecognita,classe
672 3603 759 3646 uautae
771 3595 806 3646 sic
815 3592 937 3662 adpellati
947 3592 1040 3658 fuere,
1054 3596 1187 3665 aregiuu-

114 3671 233 3725 celeriter
248 3669 390 3733 instructa,
407 3684 465 3719 eam
478 3676 507 3718 ut
519 3666 625 3734 lugien-
675 3675 733 3728 cula
746 3673 893 3727 Thessaliae,

115 3759 169 3801 tem
180 3747 344 3809 retraheret,
357 3744 420 3798 velis
432 3743 564 3812 remisque
576 3744 624 3796 in·
708 3753 745 3805 18.
762 3752 887 3805 pallaria
898 3755 1019 3805 adtom'tae
1027 3758 1136 3822 w'rgints
1146 3774 1188 3809 m

113 3838 216 3880 secutus
227 3837 274 3880 est.
285 3825 393 3880 P.-Ab
404 3826 458 3877 alto
468 3828 569 3875 tumulo.
581 3822 623 3876 Ab
665 3831 728 3899 suit.
739 3830 789 3882 Ore
798 3834 868 3884 sedet
875 3842 926 3884 tres
936 3831 1041 3899 scripti;
1055 3834 1186 3902 quodam·

114 3903 166 3956 alto
177 3904 242 3957 colle
251 3902 338 3959 Getici
350 3901 623 3969 litoris-Speculum.
673 3909 959 3978 plector31tlet.ll‚vs,
971 3915 1029 3979 775:
1038 3932 1052 3957 «ι
1062 3912 1184 3965 Pallor-in

116 3982 218 4051 Aliquis
228 4003 259 4036 ex
270 3982 445 4054 Argonautis,
459 3982 501 4034 vel
512 4001 544 4033 ex
555 3980 625 4033 indl-
673 4006 719 4040 ore
726 3987 813 4052 sedet,
825 3988 922 4041 macies
932 3988 960 4040 in
970 4006 1081 4059 corpoce
1089 3999 1146 4044 toto
1154 4010 1161 4052 ς
1170 4010 1184 4035 ν

115 4063 188 4133 genis
196 4064 316 4136 Scythis,
329 4066 374 4135 qui
382 4065 476 4120 collem
485 4061 624 4117 adscende·
673 4085 760 4134 neque
769 4064 844 4119 aliter
850 4086 881 4121 eu
889 4064 1125 4133 Pirclreimeriano,
1133 4067 1182 4120 sire

113 4154 168 4210 rat,
186 4155 369 4214 prospecturus
377 4166 410 4201 au
421 4164 481 4215 eos,
493 4142 537 4213 qui
550 4153 623 4213 rapto
674 4142 854 4221 Aroudcliano
863 4144 1033 4213 Gronovius,
1046 4144 1182 4199 observat.
