2624 4816
257 421 318 486 EX
343 416 522 484 PONTO
543 418 640 482 LIB.
666 416 745 482 111.
774 417 939 486 EPIST.
966 421 995 485 1.

1097 420 1164 514 379

99 561 128 637 Si
146 560 227 662 quid
242 578 317 654 aget
333 558 453 657 majus,
471 557 568 631 diller
583 574 640 630 tua
658 574 783 658 ooepta3
802 585 946 659 caveque

143 676 243 776 Spem
259 674 446 747 festinando
463 673 667 773 praecipitare
682 701 797 748 meam.

1116 697 1164 766 140

99 798 164 868 Nec
181 819 295 865 rursus
310 792 430 889 jubeo,
447 790 526 883 clum
544 790 588 865 sit
604 790 814 880 vacuissima,
834 818 983 892 quaeras:

146 909 305 1009 Corporis
321 907 362 981 ad
380 905 505 980 cultum
522 907 575 979 vix
592 924 685 980 vacat
699 905 756 978 illa
772 906 835 980 sui.

99 1029 197 1104 Curia
215 1056 318 1128 quum
335 1025 489 1126 patribus
506 1023 605 1097 luerit
623 1025 744 1125 stipata
761 1024 931 1116 verendis,

147 1146 212 1217 Per
229 1172 337 1217 rerum
356 1141 486 1215 turbam
506 1159 542 1214 tu
560 1169 694 1242 quoque
710 1159 845 1242 oportet
860 1169 924 1216 eas.

99 1263 211 1358 Quum
228 1258 292 1332 tibi
309 1257 485 1353 contigerit
501 1254 627 1332 vultum
643 1259 788 1330 Junonis
807 1257 916 1347 adire,
1120 1279 1166 1349 ¹4⁵

145 1379 211 1449 Fac
226 1376 272 1450 sis
288 1397 455 1476 persone,
474 1402 573 1473 quam
590 1390 721 1461 tueare,
738 1402 872 1447 memor.

99 1496 165 1566 Nec
181 1491 302 1564 lartum
321 1489 458 1563 defende
475 1517 602 1575 meum3
617 1487 703 1561 mala
720 1513 818 1563 cansa
833 1486 961 1563 silenda
980 1507 1051 1564 est:
1097 1569 1099 1574 ,

144 1604 201 1677 Nil
215 1604 280 1676 nisi
295 1601 445 1676 sollicitae
460 1603 529 1675 sint
546 1621 603 1677 tua
619 1603 718 1677 verba
737 1630 862 1704 preces.

99 1723 186 1794 Tum
203 1717 359 1820 lacrymis
375 1717 535 1792 demenda
552 1736 733 1808 moreest,
753 1719 984 1822 submissaque
1001 1738 1096 1796 terrae

146 1835 201 1910 Ad
218 1864 289 1908 non
305 1830 461 1908 mortales
477 1832 614 1908 brachia
632 1833 730 1910 tende
746 1835 857 1937 pedes.
1123 1856 1169 1910 15⁰

99 1959 187 2030 Turn
204 1971 281 2054 pete
298 1953 345 2025 nil
363 1951 470 2042 alind,
488 1981 573 2026 saevo
589 1953 655 2027 nisi
673 1955 715 2028 ab
733 1955 831 2029 hoste
846 1954 1016 2029 recedam:

135 2070 289 2151 ‚Hostem
308 2068 475 2144 loctunam
493 2071 538 2143 sit
554 2070 634 2143 satis
652 2069 830 2145 essemihi.

99 2184 201 2261 Plura
217 2186 351 2288 quidem
371 2187 535 2274 subeunt3
557 2185 615 2260 sed
629 2185 694 2283 jam
712 2184 843 2263 turbata
862 2188 981 2262 timore

147 2300 228 2377 Haec
246 2330 379 2402 quoque
395 2302 448 2374 vix
467 2300 594 2402 poteris
609 2330 665 2374 ore
683 2319 842 2377 tremente
857 2300 964 2403 loqui.

99 2418 262 2518 Suspicor
276 2419 340 2491 hoc
355 2418 478 2490 damno
493 2417 555 2490 tibi
573 2442 642 2490 non
658 2415 746 2506 lore;
765 2420 885 2492 sentiat
902 2418 961 2492 illa

1124 2434 1171 2489 155

146 2538 196 2611 Te
216 2534 417 2634 majestatem
435 2531 643 2634 pertimuisse
660 2562 764 2608 suam.

133 2703 190 2774 ¹39
196 2703 365 2769 St'qur'daget.
378 2703 448 2767 Ages
458 2696 569 2769 Argent
577 2727 611 2739 ·-

694 2698 749 2766 246.
766 2700 883 2771 Persona
899 2718 973 2767 quam
990 2708 1082 2753 traam.
1101 2699 1169 2757 Me·

99 2776 175 2848 Aias
187 2776 307 2832 Laidem.
319 2776 526 2847 agentFrancof.
540 2776 609 2831 sorte
658 2789 751 2831 mento
770 2787 795 2831 le
811 2797 865 2831 esse
882 2796 989 2830 uxorem
1003 2796 1107 2843 meam,
1128 2778 1171 2832 cui

98 2864 170 2912 recte
183 2875 190 2910 ι
204 2852 293 2910 Cesar
303 2854 433 2911 scilicetet
447 2854 532 2923 Livia,
548 2874 609 2910 curn

99 2953 151 3006 qua
163 2954 232 3006 sepe
240 2934 346 2988 consilia
357 2934 520 2990 conferebat.

134 3012 192 3080 141.
210 3012 265 3065 Nec
279 3030 364 3066 rursus
371 3014 459 3079 jubeo.
475 3011 537 3067 Duo
550 3033 612 3067 mr-

99 3106 164 3146 sum.-
175 3086 252 3146 Latet
264 3088 344 3146 ulcus.
360 3092 396 3145 H.

135 3175 193 3240 ¹4²·
204 3174 321 3240 Corpora
328 3177 366 3226 ad
370 3177 471 3227 cultum.
477 3174 526 3227 Ad
527 3168 611 3228 curtim

99 3253 206 3306 Sarrav,
226 3251 348 3321 Scaliger.
365 3252 475 3322 Argent.
491 3252 610 3319 Fesclrli,

99 3328 229 3384 Arondel.
254 3341 281 3383 et
300 3329 353 3382 duo
372 3331 421 3382 alil.
440 3331 611 3384 Medicamin,

99 3407 194 3472 faciei,
208 3428 243 3461 vs.
262 3427 272 3459 ι
290 3427 295 3460 :
310 3429 323 3453 «
338 3407 435 3461 Discite
447 3428 505 3478 quae
517 3408 611 3462 laciem

99 3473 273 3530 commendet
283 3493 362 3541 eura,
377 3475 476 3543 puelle.
487 3497 500 3521 u
516 3474 551 3528 H.

135 3552 191 3618 144.
204 3553 255 3603 Per
262 3563 363 3617 patrum
378 3556 481 3604 turbam.
497 3553 550 3605 Per
564 3572 612 3607 se-

100 3638 227 3682 natorum
236 3628 432 3681 multitudinem
441 3669 448 3695 ,
457 3628 522 3681 dum
529 3630 561 3682 ad
571 3629 613 3681 Li-

100 3705 613 3779 riamvadisPerrerumturbamelegan-

100 3794 143 3836 ter
162 3782 267 3836 Sarrav.
286 3802 339 3851 quo
353 3784 441 3852 populi
458 3785 612 3839 confluxum

100 3860 230 3930 designat.
240 3862 403 3929 Perpatn'am
412 3868 517 3917 turbam.
526 3864 613 3919 Aron·

102 3938 199 3993 clelian.
209 3938 379 3993 Burmannus
387 3941 492 4007 mallet,
505 3944 555 3996 Per
561 3963 614 3996 ma-

102 4026 167 4073 trum
181 4022 295 4082 turbam
309 4017 436 4072 nimirum
446 4060 454 4086 ,
464 4020 541 4088 dum,
556 4023 613 4074 Au-

105 4106 180 4165 gusto
199 4098 226 4149 ln
245 4097 317 4150 curia
334 4116 395 4151 cum
415 4097 531 4166 patribus
546 4117 613 4151 ver-

105 4184 195 4242 sante,
209 4175 282 4229 Livia
293 4185 332 4229 est
341 4175 434 4243 stipata
445 4178 579 4231 matronis.

659 2875 712 2925 prae
726 2854 849 2909 omnibus
858 2875 906 2925 pro
918 2875 961 2908 me
975 2855 1169 2922 laborandum,

660 2945 686 2987 et
696 2952 772 2988 causa
783 2953 842 2987 mea
855 2933 1004 2989 fidelissime
1016 2934 1118 3004 agenda
1128 2936 1169 2989 sit.

695 3016 750 3078 148.
773 3016 828 3068 Nec
845 3019 901 3066 ucri
912 3017 1037 3069 sollicita.
1055 3018 1105 3070 Nil
1119 3021 1173 3070 uisi

660 3088 789 3145 meliores.
802 3090 904 3144 Herus.

695 3173 749 3222 151.
766 3171 804 3222 Tu
813 3179 871 3236 pete
887 3169 929 3221 nit
936 3171 1013 3222 alritd
1019 3210 1025 3228 ‚
1043 3172 1098 3222 πίει·
1105 3189 1170 3222 sevo
1263 3182 1266 3187 “

660 3258 688 3300 u!
697 3250 730 3299 ab
748 3249 820 3300 hoste
839 3251 960 3301 recedam.
982 3249 1052 3301 Soevo
1070 3252 1124 3300 nr'si
1134 3251 1168 3300 ab

660 3326 732 3376 hoste
742 3323 840 3391 iidem,
856 3335 883 3377 et
898 3326 961 3376 Tum
971 3336 1035 3391 pete.
1052 3326 1088 3378 H.

696 3407 749 3456 152.
766 3403 903 3456 Fortunam
918 3423 974 3457 esse
988 3407 1055 3456 mihi
1067 3407 1170 3457 hostem,

661 3474 768 3532 Habere
779 3479 916 3534 fortunam
924 3482 1006 3534 solam
1018 3481 1168 3547 inimicam,

660 3566 688 3607 et
700 3574 755 3607 non
764 3556 875 3629 Scythas
886 3559 966 3628 etiem
974 3579 981 3612 t
989 3557 1030 3612 vel
1038 3558 1170 3612 calamitas

661 3652 721 3686 mea
731 3633 791 3687 satis
805 3635 933 3690 hostiliter
943 3656 987 3690 me
999 3636 1084 3690 habet.

697 3712 750 3766 153.
769 3715 821 3766 Sed
827 3725 854 3767 tu
867 3718 969 3768 turbata
980 3721 1074 3768 t1’more.
1089 3715 1171 3771 Multi

661 3794 709 3844 sed
717 3802 778 3844 sunt
785 3796 902 3858 turbam
917 3797 1066 3846 conturbata
1078 3793 1105 3847 in
1117 3794 1172 3848 lra-

661 3879 769 3935 gmento
782 3868 979 3924 Boxlrorniano..
992 3870 1029 3923 H.

697 3949 750 4012 154.
762 3949 828 4000 Voce
835 3957 958 3999 tremente.
970 3950 1021 4000 Ore
1027 3948 1112 4018 prima
1119 3950 1171 4004 edi*

662 4022 715 4089 tio,
730 4034 757 4076 et
770 4023 885 4092 quinque
899 4025 995 4095 scripti.

696 4105 750 4155 155.
762 4103 880 4167 Suspicor
890 4105 950 4156 hac.
965 4107 1024 4160 Hoc
1036 4107 1171 4173 meliores,

662 4190 689 4234 et
698 4185 798 4234 seatr'at.
