2624 4816
270 418 338 486 EX
363 415 540 484 PONTO
563 416 659 483 LIB.
684 415 713 482 1.
740 414 899 483 EPIST.
925 415 992 482 IV.

1099 439 1163 508 277

153 557 312 635 Anxietas
329 555 448 643 animi,
465 555 705 655 continuusque
721 552 827 627 labor.

99 679 191 751 Nam
207 703 278 749 mea
293 703 353 776 per
368 672 488 766 longos
506 671 534 745 si
552 671 626 772 quis
643 671 727 743 mala
744 671 870 765 digerat
887 697 1010 758 annos,

155 789 263 862 Crede
277 787 378 873 mihi,
395 784 491 886 Pylio
507 788 646 889 Nestore
662 784 765 882 major
780 813 848 859 eru.

101 907 242 992 Cernis,
259 904 347 979 utin
361 904 472 992 duris,
487 921 520 977 et
537 902 617 1003 quid
633 901 718 974 bove
734 901 889 976 firmius?
906 900 990 976 arvis

152 1024 268 1097 Fortia
284 1040 454 1096 taurorum
470 1048 607 1120 corpora
624 1019 754 1115 frangat
769 1048 864 1120 opus.

103 1141 193 1237 Qum
208 1164 377 1237 uunquam
394 1165 497 1210 vacuo
515 1135 613 1208 solita
629 1152 679 1207 est
694 1162 819 1207 cessare
835 1132 959 1222 novali,

153 1254 334 1328 Fructibus
351 1251 595 1326 adsiduislassa
605 1251 751 1325 senescit
767 1250 889 1324 humus
903 1281 911 1324 :

105 1370 267 1457 Occidet,
286 1369 328 1443 ad
345 1369 432 1442 Circi
450 1369 477 1442 si
496 1367 570 1468 quis
587 1368 760 1441 certamina
778 1395 906 1467 semper

153 1486 232 1558 Non
247 1485 443 1559 intermissis
458 1483 610 1558 cursibus
626 1483 691 1556 ibit
709 1512 812 1583 equus
828 1513 836 1556 ε

104 1599 216 1672 Firma
234 1598 277 1672 sit
293 1597 350 1672 illa
366 1596 462 1686 licet,
480 1595 625 1670 solvetur
640 1598 675 1668 in
691 1625 822 1697 aequore
839 1597 947 1684 navis,

155 1719 240 1813 Qua
257 1745 427 1816 nunquam
444 1715 579 1815 liquidis
599 1716 683 1788 sicca
701 1714 822 1788 carebit
838 1715 941 1816 aquis.

106 1833 165 1905 Me
186 1858 317 1931 quoque
335 1830 484 1903 debilitat
500 1830 598 1904 series
613 1830 770 1903 immensa
786 1829 963 1919 malorum,

157 1947 246 2019 Ante
264 1973 372 2019 meum
390 1962 518 2045 tempus
537 1944 626 2040 cogit
641 1962 674 2017 et
687 1973 757 2018 esse
775 1974 896 2019 senem.

110 2063 192 2136 Otia
208 2092 329 2163 corpus
347 2062 458 2150 alunt;
475 2062 605 2135 animus
624 2087 755 2162 quoque
771 2062 918 2161 pascitur
934 2058 1024 2135 illis:

155 2177 358 2250 Immodicus
377 2194 490 2250 contra
507 2175 612 2276 carpit
628 2193 804 2276 utrumque
821 2174 926 2249 labor.

107 2293 269 2394 Adspice,
287 2295 323 2366 in
339 2293 398 2367 lias
416 2294 526 2393 parte's
544 2291 635 2394 quod
652 2291 776 2366 venerit
791 2293 914 2365 AEsone
931 2308 1045 2379 natus,

139 2460 164 2512 8.
174 2459 356 2526 Continuusqne
362 2461 440 2511 labor.
450 2458 486 2510 Et
494 2456 615 2511 adsiduus

107 2554 137 2589 ac
152 2534 321 2603 quotidianus
335 2534 450 2604 corporis
468 2533 612 2601 cruciatus,

105 2612 310 2680 sollicitudines,
325 2632 442 2682 angores.

138 2691 247 2766 &Mala
255 2696 446 2759 digeratannos.
454 2693 613 2742 limentan-

105 2790 153 2824 πω
170 2770 241 2836 duo;
260 2770 330 2839 quod
350 2789 405 2822 non
421 2768 612 2836 spernendum:

106 2851 197 2904 ducere
203 2849 276 2901 enim
282 2848 392 2902 verbum
402 2846 579 2912 arithmeticae,
587 2854 615 2897 et

106 2926 245 2982 ratiocinio
253 2928 387 2996 proprium
395 2924 615 2980 essedocnitGro·

108 3007 224 3071 novius,
245 3005 357 3060 Observ.
374 3007 415 3071 ll,
431 3024 469 3058 ιο.
487 3003 559 3058 Nihil
575 3014 615 3057 ta-

108 3103 172 3139 men
186 3094 287 3137 temere
299 3094 408 3136 mutem.
420 3085 516 3136 Bunm.

143 3181 183 3216 ιο.
193 3163 270 3233 Pylio
282 3164 391 3214 Nestore.
399 3162 495 3215 Nestor
501 3180 532 3213 ex
539 3159 614 3232 Pylo,

108 3241 173 3293 urbe
187 3238 316 3293 Laconioe·
326 3240 422 3293 Nestor
434 3248 521 3291 autern
530 3257 544 3290 a
552 3255 616 3307 poe-

109 3319 141 3373 tis
150 3318 258 3372 tertiam
268 3317 407 3370 bominum
416 3326 519 3370 aetatem
528 3317 616 3369 vixisse

109 3394 217 3464 fertur,
235 3395 263 3448 id
281 3405 338 3458 est,
360 3404 507 3447 tercentum
526 3410 617 3444 annos.

109 3474 212 3528 Plinius
224 3485 313 3528 tamen
326 3473 370 3525 lib.
387 3473 441 3525 Vll
453 3471 541 3525 scribit
555 3489 617 3524 eum

109 3553 259 3624 pervenisse
277 3553 310 3606 ad
328 3572 360 3624 99
375 3569 475 3604 annum
492 3551 618 3620 :triginta

110 3631 231 3686 videlicet
239 3633 327 3699 annis,
336 3649 385 3701 pro
398 3649 450 3683 nna
457 3639 531 3684 aetate
544 3650 619 3684 com-

110 3709 215 3778 putatis.

145 3809 184 3842 12.
197 3790 276 3855 Opus.
291 3789 362 3840 Onus
372 3796 485 3857 quatuor
494 3785 560 3840 libri.

145 3868 184 3920 13.
207 3870 295 3923 Vacuo
307 3871 397 3920 novali.
417 3866 489 3936 Agru
503 3866 559 3920 sine
574 3885 617 3920 se·

112 3945 193 3998 mine.

153 4022 192 4088 ιζ.
211 4022 342 4075 Fructibus
362 4025 484 4076 adsiduis.
505 4021 618 4087 Malim,

112 4102 248 4168 Frugibus,
261 4118 322 4152 cum
336 4099 487 4154 Twisdenio
499 4111 526 4156 et
537 4100 619 4154 altero

114 4176 254 4232 Thnaneo.
266 4177 366 4233 Herm.

700 2460 738 2510 15.
756 2458 804 2509 Ad
812 2461 949 2510 certamina
965 2459 1038 2511 Circi.
1054 2457 1097 2511 Ad
1111 2479 1166 2528 pu·
1219 2485 1222 2491 ·

664 2553 742 2604 gnam
750 2533 874 2587 ludorum
885 2533 1061 2602 Circensium,
1074 2535 1102 2589 in
1111 2537 1168 2606 qni-

663 2613 711 2664 bus
721 2610 861 2679 aliquando
871 2621 897 2664 et
907 2611 981 2679 pueri
988 2612 1087 2667 nobiles
1094 2614 1169 2684 equis

662 2689 794 2744 ludicrum
802 2691 890 2759 Trojae
898 2691 964 2744 inire
976 2692 1107 2762 solebant,
1121 2714 1169 2750 au-

662 2767 1169 2827 ctoreCon‘l'acitoMntt-Ccrtamina.

663 2847 695 2899 ln
709 2866 806 2915 genere
821 2847 853 2900 de
868 2847 990 2902 omnibus
1005 2852 1168 2917 equestribus

662 2925 868 2992 certaminibus,
890 2944 948 2995 quse
965 2926 992 2978 in
1014 2925 1092 2981 Circo
1108 2930 1167 2985 fieri

662 3003 794 3069 solebant,
807 3003 1013 3073 intelligendum.
1026 3004 1126 3061 Mrcrt.

700 3085 736 3135 18.
751 3085 812 3149 Qua·
818 3102 942 3151 nunquam
951 3087 1061 3152 lr'quidrs.
1069 3085 1116 3140 Est
1124 3107 1169 3141 au-

663 3160 1169 3234 temordoverborum:navisilla,quan·

663 3239 760 3294 tumvis
771 3239 865 3305 firma,
878 3239 993 3294 solvetur
1006 3242 1034 3294 in
1048 3261 1169 3314 aequore,

665 3336 722 3386 quae
738 3336 875 3386 nunquam
888 3319 985 3372 carebit
1001 3320 1088 3389 aquis,
1104 3322 1169 3376 sicca

664 3395 734 3465 ipsa,
748 3397 802 3450 sive
813 3395 841 3448 in
849 3396 915 3451 sicco
924 3397 1054 3453 exsistens.
1065 3398 1170 3453 Mtcrn.

701 3495 738 3547 ¹9·
749 3477 830 3528 Sera'es
840 3481 961 3530 inmensa
972 3481 1090 3530 laborum.
1105 3481 1168 3531 Ma·

664 3555 742 3606 lorum
754 3552 857 3606 Sarrae.
873 3555 983 3624 Argent.
996 3553 1131 3624 scaligeri,
1144 3568 1171 3610 et

665 3629 719 3683 duo
727 3623 768 3683 alii
781 3646 787 3679 :
799 3632 826 3684 in
837 3633 982 3699 Tristibus,
993 3652 1005 3678 s
1016 3633 1043 3686 si
1054 3633 1120 3688 tanti
1129 3655 1172 3690 se·

665 3706 716 3760 ries
725 3707 758 3761 sit
771 3709 817 3761 tibi
829 3719 892 3762 nota
901 3708 969 3761 mali.
979 3730 992 3754 »
1005 3709 1040 3762 H.

698 3805 739 3837 21.
755 3788 823 3839 otte.
838 3785 965 3853 Quietem
978 3795 1005 3838 et
1021 3786 1173 3854 tranquilli«

666 3871 748 3916 tatem
769 3864 865 3917 mentis
885 3861 1021 3932 intellige:
1037 3863 1079 3916 vel
1100 3865 1174 3933 quies

667 3951 801 3994 conservat
814 3939 929 4008 corporis
942 3939 1129 3995 valetudinem.

700 4018 739 4069 23.
750 4020 818 4085 Quia
825 4021 924 4071 venerii.
936 4018 1012 4083 Quod
1016 4025 1171 4074 venemtme

666 4097 743 4153 liores
755 4117 762 4151 z
776 4097 894 4166 proximo
905 4115 982 4151 versu
997 4103 1022 4152 τὲ
1035 4119 1053 4152 a
1069 4099 1172 4155 Sarrae.

667 4176 746 4231 Polit.
758 4176 851 4245 aliique
861 4175 995 4230 omittunt.
1007 4176 1043 4230 H.
