2624 4816
252 405 538 474 Tarsururu
565 409 667 476 ma.
697 410 727 476 1.
757 409 908 479 acac.
938 413 1006 482 v1.
1125 415 1168 481 35
1201 441 1204 447 ·

147 543 250 620 Nulla
265 546 389 648 quibus
402 546 496 621 reddi
513 547 616 643 gratia
630 548 729 644 digna
747 568 869 650 potest.

97 665 192 758 Ergo
210 692 310 764 quam
323 664 459 754 misero,
477 681 543 738 tam
559 692 658 753 vero,
678 684 759 741 teste
775 668 951 768 probaris:

149 780 215 853 Hic
231 778 369 880 aliquod
384 780 518 880 poudus
535 781 564 855 si
578 781 682 856 modo
698 785 791 859 testis
807 785 918 863 habeb

97 895 170 967 Nec
187 893 355 994 probitate
371 911 427 967 tua
441 895 535 995 prior
550 914 600 970 est
615 915 674 970 aut
689 900 846 976 Hectoris
861 930 962 992 uxor,

150 1009 222 1081 Aut
237 1035 347 1082 eomes
363 1008 527 1082 exstincto
544 1010 723 1085 Laodamia
736 1013 818 1087 viro.

97 1125 156 1198 Tu
171 1125 200 1197 si
212 1123 394 1198 Maeonium
409 1142 516 1199 vatem
532 1127 650 1200 sortita
666 1127 803 1217 fuisses,

151 1242 335 1343 Penelopes
353 1261 438 1317 esset
452 1244 537 1318 saum
556 1245 699 1320 secunda
717 1264 790 1319 tuae.

99 1359 179 1433 Sive
195 1359 260 1432 tibi
275 1361 342 1433 boc
359 1359 479 1449 debes,
496 1359 587 1434 nulla
603 1361 659 1461 pia
674 1360 761 1434 sacta
778 1361 950 1456 magistra3
1048 1400 1049 1403 ¹

153 1477 305 1578 Cumque
321 1505 404 1550 nova
422 1506 530 1551 mores
546 1495 625 1551 suut
641 1476 702 1550 tibi
721 1476 793 1551 luce
811 1478 899 1554 dati:

99 1592 238 1667 Femina
255 1622 312 1668 seu
330 1594 502 1696 princeps,
522 1623 634 1669 omnes
652 1594 715 1669 tibi
729 1593 818 1668 culta
833 1624 894 1695 per
907 1623 1032 1685 anuos,
1141 1618 1174 1670 25

151 1712 201 1784 Te
216 1711 315 1786 docet
332 1711 517 1813 exemplum
532 1712 681 1812 conjugis
698 1741 766 1787 esse
784 1714 904 1802 bonae;

100 1825 368 1927 Adsimilemque
386 1825 437 1900 sui
453 1825 552 1922 longa
569 1826 783 1901 adsuetudine
800 1827 897 1916 fecit;

156 1944 305 2017 Grandia
319 1944 347 2017 si
364 1943 474 2044 parvis
489 1942 673 2018 adsimilare
689 1942 776 2016 licet.

101 2064 181 2136 Heu
194 2060 295 2146 mihi,
308 2089 377 2133 non
391 2088 526 2156 magnas
540 2059 633 2160 quod
644 2061 771 2134 habent
783 2088 855 2134 mea
868 2063 1011 2137 carmina
1022 2063 1125 2155 vires,

153 2181 344 2277 Nostraque
358 2195 438 2250 sunt
452 2178 578 2251 meritis
597 2205 655 2250 ora
671 2176 799 2251 minora
813 2177 903 2252 tuis!
1098 2232 1101 2245 »
1143 2202 1176 2256 30

100 2291 241 2392 Siquid
258 2309 292 2365 et
308 2291 459 2365 innubis
479 2292 543 2365 vivi
560 2292 625 2365 fuit
642 2311 716 2366 aute
734 2293 878 2389 rigoris,

155 2410 368 2484 Exstinctum
384 2408 494 2506 longis
511 2409 632 2483 occidit
650 2439 746 2500 omne
762 2410 878 2485 malis:

101 2525 218 2600 Prima
233 2523 344 2599 locum
360 2541 487 2597 sanctas
503 2524 657 2599 heroidas
672 2524 760 2599 inter
773 2524 933 2614 baberes3

154 2640 267 2714 Prima
282 2639 382 2712 bouis
399 2639 498 2712 animi
516 2639 740 2740 conspicerere
757 2638 817 2713 tui.

102 2857 188 2892 mone
196 2835 318 2890 omnium
327 2835 461 2904 perfertur
472 2833 503 2886 ad
511 2855 553 2888 me
565 2837 621 2904 ,in-
669 2854 749 2906 quem
756 2833 1008 2904 pienoorelaudare,
1017 2835 1103 2890 verbis
1110 2836 1175 2896 mul:

102 2917 260 2972 credibilem
272 2927 346 2968 tuam
359 2916 485 2968 virentem
499 2926 526 2969 et
536 2916 620 2970 sorti-
667 2916 699 2968 tis
708 2926 735 2968 et
745 2914 893 2984 grandibus.
902 2916 1118 2968 Portu-Nostra
1124 2937 1177 2970 ora.

103 2994 229 3049 tudinem
240 3013 305 3046 csse.
314 3015 328 3040 r
668 2995 722 3046 Pro
730 2990 858 3046 *sermone
870 3004 896 3045 et
907 2992 1016 3058 sabulis}
1029 2993 1132 3048 Pbaedr.
1148 2995 1175 3047 in

145 3070 618 3142 17.Pmbar1's;proba,bouajudicatis.
666 3071 731 3140 prol.
750 3071 793 3124 lib.
806 3072 836 3125 1:
849 3074 952 3137 Duplex
959 3072 1069 3139 sabellis
1083 3091 1114 3124 os
1129 3081 1176 3126 est.

143 3153 182 3206 23.
193 3153 307 3204 Sioetibi
313 3154 362 3204 hoc
370 3155 451 3203 debes.
462 3150 516 3204 Seu
524 3161 619 3204 natura
667 3151 755 3204 Etiam
761 3170 808 3219 pro
815 3150 909 3202 fiducia
918 3169 923 3202 :
933 3155 960 3202 sr'
963 3156 1028 3202 satas
1034 3153 1176 3203 on‘slrabes.

104 3241 134 3284 te
148 3229 200 3282 boc
212 3227 301 3281 docuit
315 3249 322 3293 3
340 3248 386 3282 seu
404 3229 483 3281 Liviae
500 3227 619 3296 exemplo
700 3229 739 3279 32.
751 3231 1179 3295 Exstinctumlongis'excidr'!omne

104 3305 229 3361 didicisti.
241 3307 351 3360 Bttltsu.
363 3335 395 3346 -
406 3308 482 3360 Nullo
488 3311 536 3373 pia
541 3306 621 3373 sacta
668 3310 750 3357 malis.
763 3316 899 3378 Koexoyaar'oe
910 3317 949 3359 est
959 3312 1125 3373 exstructum,
1137 3327 1179 3360 ex·

104 3393 237 3454 magr'stm.
255 3391 336 3444 Nulla
352 3393 475 3454 magistra
495 3385 572 3438 multi
589 3403 621 3438 ex
669 3388 734 3437 cidi!
746 3405 753 3436 :
765 3387 812 3439 etsi
830 3386 940 3440 minime
958 3384 1051 3456 ignoro
1064 3389 1181 3439 excidere

105 3465 271 3519 melioribus.
284 3466 384 3518 Hunis.
669 3463 913 3533 hacaignisreatioue
925 3465 1048 3518 usitatum
1056 3463 1179 3516 esseOvi-

144 3546 184 3610 24.
201 3545 293 3596 Mores.
311 3542 479 3596 sanctissima
493 3541 620 3595 instituta.
670 3540 845 3611 dio,.primus
862 3553 950 3596 tamen
968 3543 1107 3608 Politiani,
1124 3541 1181 3611 pri-

109 3624 175 3675 Cum
197 3641 264 3674 noea
282 3623 347 3675 luce.
370 3619 442 3673 Cum
462 3620 503 3673 die
523 3620 620 3684 natali3
670 3638 730 3672 mus
745 3621 889 3673 Vaticanus
906 3631 932 3674 et
949 3640 993 3674 sex
1009 3621 1051 3673 alii
1066 3622 1177 3684 occidit,

107 3719 196 3770 quum
207 3699 357 3753 nascereris.
671 3696 742 3767 quod
754 3717 857 3767 sequor.
871 3701 971 3752 Huius.

43 3791 49 3802 '
145 3782 185 3831 25.
203 3781 308 3830 Femina
317 3796 362 3829 seu
368 3780 493 3844 princeps.
509 3775 564 3828 Seu
575 3775 623 3827 Li·
704 3778 745 3831 33.
755 3780 829 3833 Inter.
843 3782 917 3834 Inter
927 3780 1007 3833 claras
1018 3777 1148 3834 mulieres.

109 3858 287 3928 viam,quam
298 3857 428 3927 praecipua
440 3855 492 3908 sade
505 3854 622 3921 coluisti,
704 3859 744 3923 34
763 3860 844 3911 Bonis
855 3864 896 3912 tui
904 3862 990 3910 animi.
1004 3857 1063 3910 Tua
1077 3858 1181 3912 virtute.

108 3936 212 3990 imitata
228 3956 264 3990 es.
284 3933 475 3989 Amerbachius
492 3933 524 3986 ad
542 3933 624 3988 Mar-
672 3938 866 3993 Maru-Esses
878 3957 931 4007 prae
943 3937 1182 4006 omnibusconspi·

109 4018 190 4084 tiam,
208 4016 301 4071 Martii
320 4009 434 4085 Philippi
452 4014 537 4068 vitrici
560 4015 624 4067 Au·
671 4018 783 4083 cua‚ob
798 4019 868 4070 bona
883 4016 964 4068 animi
982 4017 1039 4083 tui,
1056 4037 1113 4086 quae
1125 4035 1183 4069 ma-

108 4096 180 4166 gusti
187 4096 285 4162 filiam,
295 4094 433 4149 contendit
442 4092 624 4147 reserandum.
672 4095 770 4147 ximam
786 4105 813 4147 et
830 4093 939 4148 solidam
954 4094 1060 4150 laudem
1074 4113 1181 4159 mereu-

144 4173 186 4228 30.
194 4177 291 4234 Nostra
298 4193 353 4228 ora.
366 4172 461 4226 Nostra
469 4172 558 4239 uerba.
572 4171 626 4225 Ali·
672 4181 725 4225 tur.
740 4174 829 4227 Portu.
