2624 4816
199 404 266 495 49⁸
455 409 661 480 neruus
686 352 1011 488 enarrandus

198 549 367 621 Innocuos
387 548 487 649 quid,
504 549 623 639 stulte,
638 551 751 649 joc0s;
769 583 948 658 securaque
964 561 1078 636 credis
1113 576 1116 581 '
1224 572 1261 644 ut

246 664 418 752 Carmina,
437 693 497 738 nec
515 666 614 767 capiti
632 669 818 770 perniciosa
833 676 918 747 tuo?

195 781 286 855 Laeta
304 780 495 855 verecunde
510 782 591 882 quid
607 810 720 884 speras
737 785 805 861 ntia
824 787 915 876 vite,

245 895 399 969 Liberius
415 897 565 995 quamvis
579 899 676 974 Musa
692 900 801 998 jocata
815 901 926 977 foret?

195 1008 350 1098 Falleris,
370 1013 496 1085 uNaso
511 1042 519 1085 :
535 1014 643 1119 turpis
659 1015 723 1088 sub
740 1015 890 1118 principe
907 1018 974 1092 vita

243 1128 347 1213 Tuta;
365 1125 421 1202 sed
439 1127 627 1224 ingenium,
648 1129 781 1227 lingua,
799 1132 962 1235 stilusque
978 1155 1118 1213 nocent.
1224 1181 1259 1236 ιφ

194 1241 323 1343 Arripit
340 1242 374 1316 in
392 1244 531 1332 crimen,
551 1246 715 1347 quidquid
732 1249 819 1334 vult,
839 1277 925 1351 saepe
943 1270 1124 1353 tyrannus,

241 1359 286 1430 Et
303 1359 443 1458 speciem
458 1358 539 1458 justi
554 1361 693 1435 vindicis
710 1362 786 1438 inde
803 1365 899 1464 petit.

192 1475 261 1548 Nec
276 1476 366 1549 bona
380 1476 492 1574 jurato
511 1476 697 1575 subjudice
715 1481 875 1578 quaen'tnr
890 1475 1040 1583 unquam

244 1593 366 1679 Causa,
382 1621 444 1665 nec
460 1593 635 1667 arbitrium
649 1592 728 1668 mite
744 1613 878 1670 senatus
892 1598 971 1692 agit.

108 1751 109 1755 =
191 1709 307 1783 Nutrit
320 1707 471 1783 adulatur
486 1693 641 1784 “commoti
658 1709 819 1812 principis
834 1711 921 1800 iras,

239 1823 358 1895 lucitat
376 1841 409 1896 et
425 1851 507 1896 seva
524 1841 641 1923 pectus
657 1824 791 1924 egitque
807 1823 886 1898 sace.

190 1937 317 2037 Adjicit
333 1937 449 2011 insano
464 1938 587 2012 furiosa
603 1938 763 2014 calumnia
781 1942 883 2029 vires,

238 2057 405 2155 Poenaque
423 2055 476 2128 vix
495 2074 578 2128 notu
597 2056 732 2129 crimine
749 2074 836 2131 certa
851 2057 952 2131 sedet.

189 2170 361 2244 Invehitur
377 2170 458 2242 diris
476 2198 555 2242 mox
572 2171 679 2245 tristis
695 2170 833 2270 epistola
850 2171 976 2259 verbis,

237 2287 323 2383 Quae
339 2285 455 2385 patriis
471 2286 627 2359 miserum
643 2285 735 2380 cogit
750 2285 842 2358 abire
860 2284 954 2359 sucis.

190 2407 269 2478 llaec
285 2402 405 2476 studiis
422 2430 558 2489 merces,
579 2402 679 2474 teneri
697 2419 881 2502 praeceptor
896 2402 1053 2491 Amoris,

236 2521 299 2593 Est
311 2517 407 2604 data,
423 2544 483 2588 nec
500 2516 611 2615 potuit
627 2517 725 2590 Musa
743 2534 869 2605 vetare,
886 2517 963 2592 tuis.

187 2639 341 2722 Ferreus,
361 2633 495 2728 ingenio
514 2630 572 2733 qui
590 2650 621 2706 te
637 2630 826 2730 juveniliter
843 2661 964 2721 usum,
1025 2626 1027 2633 ¹

236 2754 276 2824 ln
292 2748 459 2849 Scythiam
477 2764 586 2821 censet
598 2748 819 2847 promeruisse
834 2748 957 2842 fugam.

75 2874 77 2880 ’
187 2868 306 2940 Mitius
322 2865 473 2940 exsilium
490 2864 548 2937 sed
564 2892 605 2937 ne
621 2863 828 2964 propiusque
848 2863 996 2950 daretur,

202 2979 205 2991 ¹
235 2982 389 3081 Principe
406 2980 524 3067 lenito,
543 2978 660 3080 culpa,
677 2996 794 3079 poeta,
815 2996 871 3052 tua
889 2996 949 3052 est.

187 3100 344 3200 Turpiter
359 3098 484 3197 abjecta
500 3096 643 3170 blandiri
661 3114 768 3169 mente
787 3114 949 3197 tyranno,
982 3094 988 3108 '

235 3222 282 3291 Et
297 3216 469 3289 dominum
486 3214 614 3315 placida
630 3213 760 3288 llectere
777 3241 856 3285 voce
874 3213 998 3299 lerum;
1103 3263 1109 3274 ι

187 3341 363 3420 Errorem,
382 3331 595 3431 culpamque,
614 3347 646 3403 et
663 3357 731 3401 non
748 3326 887 3399 admissa
906 3327 1001 3400 fateri

235 3449 395 3535 Crimina,
416 3474 476 3518 nec
494 3445 588 3518 firmo
604 3462 736 3544 pertore
754 3444 817 3517 sata
837 3443 923 3544 pati;

185 3568 371 3643 Dedecorat
386 3581 510 3646 vatem,
530 3562 668 3660 patriam
688 3561 745 3660 qui
762 3559 906 3635 fortibus
925 3587 1009 3645 esse,

235 3681 305 3754 Sub
322 3678 470 3780 liquido,
488 3675 622 3761 docuit,
641 3701 705 3772 qua
722 3690 813 3773 patet
828 3702 906 3759 axe,
923 3671 1044 3746 sulum.

185 3803 309 3873 Versus
322 3799 364 3870 ab
380 3794 533 3890 ingenuis
550 3791 688 3864 famulas
707 3791 862 3863 deformis
879 3791 920 3863 ad
937 3806 1044 3880 artes,

232 3912 350 3985 lnfami
365 3909 507 3984 maculas
526 3909 610 3983 laeta
629 3906 739 4006 priora
756 3923 845 3978 nota.

184 4031 252 4101 Nec
268 4045 335 4099 tam
350 4026 478 4098 Pierius
496 4024 648 4124 Scythico
669 4023 731 4095 sub
749 4023 852 4095 sidere
869 4021 992 4111 fervor,
1097 4071 1100 4075 ·

111 4186 114 4191 ·
233 4141 395 4214 Carminis
412 4159 469 4214 aut
484 4142 567 4215 abiit
584 4138 720 4239 spiritus
736 4136 791 4210 ille
808 4136 899 4210 sacri.
