2624 4816
196 451 587 524 exponuntur.
614 452 681 519 ιν.
708 453 872 520 urrsr.
899 456 983 521 xv.
1061 455 1125 547 47⁵

56 595 247 681 Confiteor3
268 612 386 669 testere
403 593 499 680 licet;
518 594 665 687 signate,
685 593 859 697 Quirites:

47 772 50 791 ,
103 710 161 784 Nil
179 737 263 810 opus
279 727 329 783 est
347 708 457 803 legum
473 708 614 791 viribus;
630 709 700 808 ipse
717 708 848 810 loquor.

54 829 148 899 Inter
164 853 245 926 opes
263 843 296 897 et
313 854 383 912 me,
401 853 472 898 rem
490 850 639 923 parvam,
660 850 749 923 pone
765 842 939 925 paternas:

106 943 188 1016 Pars
205 969 265 1035 ego
282 941 343 1014 sim
361 948 478 1014 cens'ns
497 937 798 1040 quantulacumque
817 943 875 1015 tui.

59 1063 171 1158 Quam
188 1077 243 1132 tua
260 1058 428 1153 Trinacria
445 1075 515 1148 est,
534 1075 734 1158 regnataque
753 1075 839 1133 terra
856 1060 1032 1162 Philippo,
1100 1083 1130 1134 15

106 1177 217 1272 Quam
236 1174 354 1248 domus
374 1176 529 1269 Augusto
549 1173 742 1246 continuata
757 1174 853 1261 l0r03

58 1291 169 1387 Quam
189 1307 259 1378 tua,
278 1319 335 1362 rus
355 1289 459 1363 oculis
475 1290 617 1377 domiui,
636 1290 834 1391 Campania,
854 1308 1002 1385 matum,

106 1402 257 1506 Quaeque
272 1405 385 1480 relicta
401 1407 483 1494 tibi,
503 1408 616 1493 Sexte,
633 1405 684 1479 vel
701 1425 789 1480 emta
806 1422 920 1494 tenes,

57 1523 139 1595 Tam
157 1539 235 1595 tuus
252 1550 293 1594 en
312 1506 379 1617 ego·
389 1520 482 1608 sum;
502 1524 646 1622 cujuste
663 1549 799 1625 munere
816 1523 904 1596 tristi

104 1641 183 1710 Non
197 1656 294 1738 potes
310 1639 346 1710 in
364 1640 474 1712 Ponto
493 1639 600 1712 dicere
613 1639 736 1712 habere
753 1638 848 1712 nihil.
949 1675 953 1682 ·
1097 1674 1154 1728 ω

57 1753 171 1854 Atque
186 1754 313 1827 utinam
330 1756 459 1856 possis,
475 1772 509 1828 et
525 1755 622 1829 detur
639 1755 775 1829 amicius
791 1754 925 1828 arvum!

60 1935 157 2008 Sicyon
169 1935 296 2005 oppidum
306 1934 567 2003 Achaiae3sicllllaro,
617 1936 721 2005 ligimus
738 1957 782 1989 rus
806 1934 912 2005 aliquod
928 1933 998 2004 quod
1016 1933 1129 1988 babebat

60 2015 157 2085 Georg.
170 2017 213 2080 ll,
227 2020 294 2088 519:
307 2038 320 2061 «
337 2018 432 2069 teritur
443 2015 569 2088 Sicyonia
618 2015 759 2083 Pompeius
780 2015 808 2066 in
831 2013 976 2082 Campania
994 2031 1001 2065 τ
1018 2011 1128 2066 sortasse

59 2093 135 2146 bacca
148 2095 282 2162 trapetis.»
617 2093 743 2144 intellexit
759 2112 807 2161 per
821 2093 993 2154 Trinacriam,
1011 2110 1070 2159 rus,
1084 2103 1129 2145 aut

94 2194 131 2225 ιι.
148 2174 247 2224 Testem
257 2176 322 2224 licet.
332 2171 439 2224 Licetin
449 2172 569 2224 testimo-
618 2171 745 2240 oppidum
768 2171 873 2239 aliquod
894 2171 987 2224 Siciliae
1008 2170 1128 2239 ejusdem

60 2252 135 2303 nium
155 2248 266 2301 adducas
282 2248 337 2301 baec
356 2268 414 2316 quae
431 2249 524 2301 scribo.
536 2277 569 2288 -
617 2251 739 2320 Pompeii
751 2271 757 2304 :
768 2250 888 2304 similiter
899 2270 948 2320 per
960 2263 1050 2304 terram
1064 2255 1129 2304 Phi-

60 2330 175 2395 menate,
189 2329 303 2392 Quirites.
317 2325 419 2380 Ocives
437 2327 567 2393 Romani,
615 2333 691 2398 lippi,
712 2349 757 2382 rue
773 2331 802 2382 in
819 2329 985 2382 Macedonia.
996 2330 1128 2382 -Ocnlr's

58 2405 210 2459 subscribite
220 2424 264 2457 vos
273 2414 398 2472 tanquam
411 2415 488 2457 testes
496 2406 566 2472 ejus,
617 2410 718 2459 domini.
731 2406 822 2461 Oculis
835 2407 893 2460 tuis.

59 2483 130 2552 quod
143 2483 227 2536 dicam
243 2503 249 2534 :
265 2483 306 2534 vel
319 2480 432 2551 sigillum
451 2493 567 2538 vestrum
652 2487 690 2539 18.
709 2478 816 2555 (lneque
831 2489 928 2538 relicta.
948 2484 984 2537 Et
999 2478 1128 2554 quantum

57 2559 217 2629 imprimite,
232 2560 456 2628 quemadmodum
463 2560 484 2612 si
493 2571 568 2614 testa·
617 2582 647 2616 ea
656 2573 718 2615 suut
729 2563 775 2615 tibi
785 2583 800 2616 a
811 2563 957 2630 majoribus
968 2563 1019 2615 tuis
1031 2562 1128 2617 relicta.

58 2647 182 2690 mentum
194 2636 297 2705 aliquod
310 2638 454 2705 signaretis.
653 2661 690 2713 ¹9·
706 2644 769 2694 Tam
780 2650 838 2693 tuus
852 2652 901 2694 etc.
915 2641 983 2693 Tam
997 2660 1046 2713 ego
1059 2640 1127 2695 Ovi-

98 2735 136 2767 12.
155 2718 213 2766 Non
233 2734 296 2781 opus
312 2724 352 2766 es!
371 2718 451 2782 legum
466 2720 568 2770 viribus.
618 2718 675 2772 dius
687 2739 746 2772 sum
757 2718 938 2772 numerandus
946 2720 974 2772 iu
986 2730 1032 2772 tuo
1041 2734 1092 2772 aere
1102 2731 1129 2772 et

57 2795 120 2848 Non
130 2833 138 2860 ‚
150 2794 235 2863 inquit
245 2832 252 2858 ,
261 2803 299 2845 est
308 2812 373 2862 opus
382 2793 525 2863 confugere
535 2795 568 2847 ad
616 2814 705 2852 censu.
717 2826 750 2838 ·-
765 2800 888 2864 Cujuste.
905 2797 989 2870 Cujus
1004 2799 1044 2851 tui
1057 2799 1130 2853 Sexti

56 2871 148 2940 legum
158 2869 327 2938 praesldia‚el
338 2871 410 2923 litem
419 2872 568 2925 contestari.
617 2877 739 2946 Pompeii
764 2890 856 2931 moesto
881 2878 975 2932 dono:
998 2898 1061 2931 nam
1081 2890 1130 2932 tuo

56 2952 154 3018 -ble
163 2955 254 3018 loquor.
266 2951 324 3018 lpse
334 2963 428 3018 sponte
439 2953 568 3006 confiteor
616 2977 729 3012 munere
747 2970 775 3012 et
790 2960 911 3028 precibus
924 2960 984 3019 vivo
1002 2980 1010 3013 :
1028 2961 1088 3029 quia
1102 2973 1129 3015 ιο

57 3033 110 3086 boc
122 3031 192 3101 quod
204 3033 329 3100 sequitur.
617 3049 710 3106 agente
719 3037 854 3106 Augustus
862 3056 905 3090 me
915 3037 1129 3106 noninterlecit,

94 3113 133 3165 13.
141 3115 277 3180 Interopes
283 3121 412 3179 paternas.
424 3113 501 3166 luter
511 3124 568 3166 tuos
617 3116 663 3170 sed
681 3125 786 3168 tantum
802 3117 831 3170 in
850 3116 967 3170 exsilium
985 3119 1130 3172 Ponticum

58 3210 153 3246 census
164 3191 211 3244 tibi
223 3211 237 3242 a
249 3202 322 3259 patre
332 3190 569 3246 reticem-Eme
617 3196 694 3249 mieit.
706 3197 768 3249 Hoc
778 3207 867 3250 autem
879 3197 1039 3252 beneficium
1051 3209 1129 3269 poeta

57 3286 330 3337 temporetempore.
350 3270 438 3323 Etiam
457 3289 501 3323 me
517 3270 569 3323 ad·
616 3275 689 3328 triete
711 3292 809 3328 munus
826 3275 962 3346 adpellat,
989 3286 1129 3347 propterea

57 3348 230 3414 numerabis,
247 3348 307 3403 lieet
322 3350 371 3401 sim
386 3368 428 3402 ree
444 3368 524 3419 parva
541 3360 568 3402 et
617 3350 688 3418 quod
703 3351 731 3403 in
748 3371 777 3404 re
794 3352 861 3405 tristi
878 3365 905 3405 et
922 3365 1015 3406 moesta
1025 3353 1129 3406 beueli-

58 3425 169 3479 modiea.
391 3448 394 3453 ’
615 3428 686 3481 cium
699 3440 738 3482 est
749 3429 896 3484 adsecutum

94 3509 133 3558 rb
151 3507 314 3575 &gnatoque
329 3516 402 3559 terra.
421 3506 508 3559 Tellus
523 3526 569 3560 re-
649 3527 690 3559 ao.
699 3511 757 3560 Non
763 3511 913 3576 potes.Non
923 3520 997 3578 potes
1006 3508 1093 3561 dicere
1102 3519 1128 3562 te

54 3595 137 3650 gnata
149 3582 258 3636 Mureti.
616 3585 683 3638 nibil
696 3586 828 3655 possidere
837 3589 865 3641 in
879 3587 990 3641 Pontica
1001 3585 1128 3655 regione,

93 3661 133 3713 ιθ.
150 3666 231 3726 (luam
248 3666 337 3716 domus
351 3666 468 3732 Augusto
483 3671 569 3718 conti·
617 3682 701 3735 quum
712 3665 812 3736 aliquid
821 3666 916 3719 babeas
925 3663 1050 3716 habendo
1059 3683 1111 3718 me.

55 3739 209 3807 nuatasoro.
222 3740 364 3808 Quantum
378 3742 459 3795 etiam
473 3743 568 3796 (lomus
650 3765 689 3796 aa.
700 3746 737 3796 Ut
744 3749 816 3797 detur
823 3748 931 3796 amictiae
940 3761 1034 3794 arrum.
1043 3745 1080 3795 Et
1086 3745 1131 3794 de-

57 3827 98 3870 eat
112 3827 174 3884 tua,
195 3838 276 3887 quam
297 3820 376 3873 habes
398 3823 568 3890 oonjunctam
616 3819 934 3873 armantem-An
948 3837 1004 3871 non
1017 3829 1128 3887 prasta-

55 3894 121 3946 loro
131 3895 243 3964 Augusti
258 3895 375 3951 Caesaris.
616 3912 658 3954 ret
670 3902 749 3954 etiam
761 3906 881 3952 amerius
892 3902 1003 3953 arvum?
1018 3919 1081 3953 nam
1094 3900 1127 3953 de

94 3976 569 4040 17.Quameua,rusoculis.0rdoesr:
617 3980 730 4034 amicitia
748 3979 877 4032 Getarum
895 3978 1023 4047 gloriatur
1036 3980 1127 4050 Elegia

58 4048 153 4118 Quam
163 4071 212 4119 pro
221 4054 518 4126 quantum,Campania
526 4055 570 4108 atl-
618 4058 776 4127 procedenti
791 4070 817 4112 et
833 4057 893 4110 alibi
908 4079 914 4111 :
930 4078 979 4113 nec
990 4059 1127 4114 inimicum

58 4129 187 4198 positive,
204 4149 250 4183 rus
259 4143 363 4200 gratum
375 4134 455 4188 oculis
467 4133 569 4186 domini
616 4135 697 4191 luisse
706 4145 791 4204 potest
806 4137 935 4205 Pompeio
947 4157 1041 4191 arvum
1054 4158 1060 4193 :
1079 4144 1128 4192 mi-

59 4217 99 4260 est
107 4217 158 4260 tua.
166 4209 220 4260 Per
228 4211 392 4276 Campaniam
398 4223 486 4265 autem
496 4211 570 4264 intel·
617 4219 668 4266 tim
678 4233 765 4269 arvum
774 4214 904 4270 treslibri.
913 4215 1012 4272 Burtu.
