2624 4816
92 583 301 686 unnn
346 583 608 688 cumn
656 585 977 693 uisurus

268 833 754 971 TRISTIUM

212 1114 431 1201 LIBER
468 1115 815 1218 QUINTUS.

392 1324 631 1349 -Φ-

280 1536 517 1621 ELEGIA
548 1535 761 1620 PRIMA.

340 1888 690 1950 ARGUMENTUM.

101 2053 218 2106 Romam
231 2071 245 2104 e
257 2050 363 2123 Scythia
372 2050 496 2103 ultimum
504 2049 601 2102 librum
610 2049 738 2125 Ovidius,
751 2050 791 2104 sui
804 2049 930 2107 studiosos
940 2062 1047 2121 monet,
1096 2068 1098 2072 ⁴

94 2147 171 2209 ¹atuor
190 2133 320 2202 prioribus
336 2131 444 2198 libellis,
465 2132 537 2186 hunc
555 2134 635 2186 etiarn
650 2126 764 2197 adilann
778 2145 931 2204 excusatque
946 2157 974 2190 se
990 2156 1045 2190 non

93 2241 128 2273 sse
140 2219 279 2272 materiam
296 2218 386 2282 aliam,
406 2237 485 2286 quam
503 2218 622 2284 tristem,
642 2219 773 2289 rebusque
786 2221 887 2274 miseris
901 2231 927 2274 et
938 2220 1047 2291 perditis

93 2304 239 2369 ementem,
252 2321 364 2355 sumere.
385 2301 468 2368 Quod
485 2302 505 2354 si
518 2302 545 2353 in
557 2302 668 2372 pptriam
679 2314 834 2369 revocetur,
849 2304 1008 2374 scripturum
1019 2324 1047 2358 ce

93 2407 99 2439 ι
118 2397 145 2440 et
166 2387 223 2440 laeta
243 2385 400 2454 profitetur;
424 2384 553 2452 simulque
566 2383 670 2435 veniam
689 2383 769 2452 petit,
789 2384 810 2438 si
829 2385 892 2453 quid
910 2384 960 2454 sit,
977 2386 1048 2456 quod

93 2490 142 2525 *em
154 2469 283 2523 offendat,
587 2464 590 2469 ’

96 2669 117 2724 c
136 2678 268 2752 qnoque
286 2648 326 2721 dc
346 2648 480 2736 Getico,
498 2640 605 2749 nostri
620 2647 784 2735 studiose,
801 2646 952 2724 libellum
992 2686 997 2695 ·

93 2794 161 2848 tre,
181 2765 357 2867 praemissis
375 2782 518 2866 quatuor
533 2765 615 2838 adde
630 2764 721 2838 meis.

93 2912 198 2985 noque
218 2883 292 2957 talis
310 2883 389 2969 erit,
409 2880 515 2981 qualis
531 2882 664 2955 fortuna
680 2896 813 2981 poetae3·

93 3002 180 3075 enies
197 3018 268 3073 toto
284 3000 426 3073 carmine
442 2999 538 3072 dulce
553 2997 661 3072 nihil:

93 3119 116 3189 is
135 3133 175 3188 nt
190 3132 303 3187 noster
320 3132 426 3188 status
444 3131 509 3200 est,
526 3115 572 3187 ita
587 3111 697 3189 flebile
714 3139 857 3202 carmen,
1034 3138 1051 3189 5

93 3235 177 3308 teriae
196 3234 320 3333 scripto
338 3222 551 3306 conveniente
568 3260 645 3305 snae.

94 3365 159 3422 ret
176 3346 287 3434 laetus,
310 3345 382 3418 laeta
399 3363 430 3418 et
446 3344 602 3444 juvenilia
619 3343 703 3419 lusi:

107 3483 216 3538 tamen
231 3492 322 3536 nune
339 3491 391 3535 me
409 3463 636 3563 composuisse
652 3459 753 3562 piget

98 3634 173 3682 lilore
186 3631 285 3681 Getico.
297 3627 339 3679 De
347 3627 422 3679 litore
431 3626 489 3679 Το-
571 3648 593 3694 7.
601 3627 735 3695 Integeret
746 3629 825 3678 letus.
834 3625 924 3677 Donec
931 3639 998 3674 eram
1006 3623 1053 3677 lae-

95 3706 166 3761 urbis
175 3746 182 3773 ,
192 3726 250 3774 quae
262 3707 331 3759 litori
339 3705 433 3759 Getico
441 3705 490 3758 ad·
536 3714 576 3756 tus
588 3724 627 3774 pr.
640 3701 717 3758 Polit.
728 3721 766 3772 pr.
776 3701 897 3760 Votieno,
905 3717 944 3766 pr.
955 3698 1011 3753 Pal.
1026 3706 1053 3750 et

94 3784 488 3839 -Noslristudr'oseDuovete·
537 3782 591 3835 duo
611 3780 674 3848 alii,
695 3780 780 3840 male3
798 3796 898 3848 supra:
917 3799 929 3819 ι·
944 3776 1052 3847 Integer

94 3887 146 3926 um.
164 3866 390 3937 studt'oserflnrns.
537 3861 606 3935 hunc
616 3861 688 3931 potui
699 3878 785 3928 nuper
796 3859 864 3910 bene
877 3854 989 3909 reddere
1002 3852 1051 3908 lu·
1099 3916 1103 3921 ⁸

94 3953 165 3997 atuor
173 3949 236 3995 mer's
244 3949 387 4008 premissis.
400 3941 489 3995 Libel-
536 3961 603 3994 cem.
611 3942 804 4005 »He-Inteffl.
812 3937 874 3988 Non
882 3933 1053 4005 relegatus.-

96 4023 164 4086 ium,
180 4030 257 4073 antea
270 4020 384 4072 Romam
398 4018 488 4073 missis.
539 4022 611 4071 Bata
621 4020 780 4087 etjueenilia.
792 4014 991 4079 Loetejuvem'lrir
998 4013 1060 4069 Lo-.

94 4121 106 4153 r
125 4106 240 4154 marcuit.
254 4099 375 4156 Materiae
387 4110 488 4169 poetae,
539 4116 598 4150 van.
608 4108 635 4150 et
647 4095 731 4149 Servii
744 4114 751 4155 ;
764 4092 841 4144 male.
855 4091 952 4146 Noster
967 4091 1009 4145 hic
1021 4090 1055 4142 li-

99 4179 187 4234 tristis.
540 4177 601 4229 bros
612 4176 645 4229 de
658 4175 723 4228 Arte
736 4170 844 4227 amandi
856 4171 992 4242 significat.
