2624 4816
176 350 246 443 ⁴9ss
420 348 627 417 uerius
657 351 1038 425 susumus

176 496 244 568 lies
262 510 350 567 caret
363 491 518 593 exemplo
533 523 543 564 :
558 494 623 567 suh
641 492 725 569 diris
736 493 833 568 triste
850 500 1029 597 tynnrfis

223 612 372 685 Eritium
389 610 503 711 paucis
519 609 632 705 lingua
650 630 804 713 protem
821 612 936 689 dedit.

177 727 267 801 llnic
284 726 385 799 animi
402 724 519 797 nocuit
537 724 755 813 iurulentia
770 730 930 804 ooncidit
945 731 1065 825 alter,

227 842 298 939 Qui
315 842 371 942 pia
388 869 452 942 pro
470 842 576 947 raptis
591 841 722 940 legibus
738 872 829 919 anna
847 846 946 922 tulit.
1074 882 1077 886 “

179 958 246 1031 Sed
264 986 350 1030 nora
365 976 445 1059 post
460 957 634 1043 homines,
655 958 771 1035 oeulos
784 960 956 1039 habuisse
969 988 1172 1060 nocentes,
1228 993 1260 1044 υς

230 1073 385 1175 Principe
405 1091 452 1161 te,
471 1091 569 1149 natos
583 1073 682 1175 eulpa
697 1095 829 1179 reperta
845 1078 928 1154 fuit.

181 1191 329 1267 Crimine
344 1210 505 1294 perpetua
522 1191 699 1267 damnatus
714 1213 814 1269 noete
828 1220 1011 1290 ramset,

232 1312 278 1383 Et
295 1310 401 1411 patria
420 1337 526 1383 caccus
542 1338 613 1382 non
630 1309 791 1387 caruisset
805 1313 925 1389 humo.

181 1427 292 1501 'lutus
308 1425 507 1500 adulterium
525 1425 711 1526 potuisses,
729 1427 866 1503 luminis
880 1460 1040 1534 expers,

231 1544 399 1643 Furtaque
416 1541 559 1630 lascire,
576 1546 686 1631 Naso,
705 1543 824 1618 docere
839 1547 945 1623 Dee:

184 1662 253 1735 Nec
269 1687 407 1734 censura
424 1660 488 1733 tibi
503 1661 585 1733 casti
604 1661 782 1736 metuenda
797 1662 917 1738 luisset

234 1778 390 1865 cesaris,
408 1775 560 1878 exemplo
576 1779 635 1878 qui
651 1778 741 1852 saret
757 1781 829 1881 ipse
844 1810 929 1869 suo,

185 1899 231 1971 Et
247 1895 305 1997 qui
322 1893 489 1990 legitimos
507 1910 665 1968 temerare
684 1893 823 1969 libidine
838 1894 947 1973 lectos

235 2012 415 2109 flagitium
431 2040 604 2111 nunquam
620 2012 760 2086 credidit
777 2042 849 2088 esse
865 2015 957 2090 viris.

185 2130 280 2205 Livia
298 2146 454 2215 testetur,
472 2157 646 2229 pregnans
662 2130 806 2205 abducta
821 2132 960 2220 marito,

235 2246 356 2321 Ederet
377 2263 416 2319 ut
430 2245 548 2319 soetum
563 2246 669 2346 patris
684 2247 720 2319 in
736 2247 804 2321 aede
820 2249 883 2322 sui.

185 2367 236 2439 'le
250 2361 418 2451 Tertulla,
436 2361 528 2458 gravi
542 2360 701 2436 lassatum
718 2365 866 2465 pondere
882 2394 1016 2457 rernm3

236 2486 284 2557 Te
303 2500 416 2556 tenero
434 2480 519 2554 fovit
537 2478 647 2554 Salvia
662 2480 791 2555 moeeha
806 2481 900 2568 sinu3

187 2604 273 2677 Mox
289 2598 413 2675 Rufilla
429 2598 518 2673 salax
534 2597 665 2673 lascivis
680 2598 828 2700 implicat
842 2598 949 2686 uluis;

240 2720 361 2793 Forma
379 2714 568 2790 Terentillae
584 2745 661 2790 mox
678 2717 828 2817 speciosa
845 2716 970 2803 trahit;

190 2837 236 2908 Et
251 2833 375 2929 gremio
395 2831 540 2904 detracta
560 2829 668 2931 placet
684 2830 725 2904 de
743 2829 891 2904 consulis
906 2859 1013 2919 uror,

241 2949 392 3047 Quaeque
411 2945 514 3020 redux
529 2945 668 3019 Veneris
685 2945 778 3042 signa
791 2945 932 3019 recentis
950 2944 1068 3021 habet.

193 3066 316 3137 Verum
334 3063 393 3137 ubi
410 3082 574 3138 consuetae
592 3063 718 3136 faciunt
733 3061 864 3137 fastidia
880 3062 1014 3150 forme,

243 3183 312 3255 Nec
329 3180 408 3254 satis
425 3180 495 3254 haec
512 3180 658 3268 moecho,
675 3163 832 3254 nec‘satis
846 3179 903 3252 illa
919 3179 1078 3280 placent:

1238 2160 1301 2213 135.

196 3299 350 3399 Corpora
367 3323 549 3391 mangones
567 3297 764 3397 conquirere
781 3295 921 3397 pulchra
936 3295 1124 3394 jubentur,
1230 3339 1236 3371 ι
1254 3360 1260 3371 .

245 3416 330 3511 Quae
342 3410 455 3512 posita
472 3427 600 3510 spectet
612 3429 706 3506 ueste
724 3411 890 3511 superbus
906 3411 1016 3485 herus.

196 3530 326 3603 ludere
343 3526 432 3600 furta
448 3525 556 3599 Deum
575 3525 707 3600 dubitat
721 3554 829 3626 neque
845 3526 948 3600 falsus
964 3524 1118 3625 Apollo,

245 3645 392 3721 Numina
407 3643 487 3718 dum
502 3643 558 3718 bis
575 3671 632 3718 sex
646 3642 761 3718 Mallia
779 3642 852 3717 sola
868 3644 966 3717 videt.
1023 3648 1027 3660 ’

197 3761 353 3866 Principe
371 3762 418 3837 sic
433 3763 542 3858 agitur
558 3771 644 3866 pu'ro
663 3790 801 3838 censura
819 3761 954 3862 :poetis

247 3877 304 3952 Nil
322 3905 409 3980 opus
426 3895 493 3967 est,
509 3880 658 3980 juvenes,
677 3878 735 3979 qui
752 3875 835 3949 male
854 3895 968 3979 stupra
984 3876 1119 3953 docent.
1228 3916 1258 3947 w

198 3998 312 4082 Naso,
332 3993 414 4095 quid
431 3995 599 4071 obscaenas
616 4013 682 4068 tam
699 3992 798 4067 castis
816 3991 955 4066 auribus
970 4002 1078 4079 artes,

248 4109 293 4181 Et
311 4110 459 4211 quereris
478 4108 594 4186 molles
611 4105 820 4209 displicuisse
838 4106 980 4182 modos?
