2624 4816
132 398 199 483 404
402 398 439 462 r.
478 395 660 465 orrum
688 398 921 470 ussonrs

180 536 314 610 Gratius
331 565 369 610 ex
385 536 461 637 ipso
479 536 571 610 fonte
587 538 756 612 bibuntur
773 568 886 641 aquae:

129 659 174 731 Et
190 657 293 751 magis
310 657 456 730 adducto
472 685 608 759 pomum
626 656 801 759 decerpere
816 688 930 748 ramo,

178 775 290 868 Quam
307 772 347 846 de
366 771 476 844 caelata
495 800 622 846 sumere
638 773 750 859 lance,
765 775 867 871 juvat.
1158 817 1181 852 πο

125 891 175 962 At
191 888 257 961 nisi
273 915 478 988 peccassem,
495 888 562 960 nisi
578 916 630 961 me
645 915 716 962 mea
735 890 834 962 Musa
850 887 1014 984 fugasset,

179 1005 283 1103 Quod
301 1004 385 1102 legi,
402 1024 457 1079 tua
477 1032 541 1078 vox
556 1005 760 1080 exhibuisset
779 1035 877 1106 opus.

128 1125 241 1222 thue
255 1121 305 1194 fui
321 1118 454 1206 solitus,
473 1120 631 1195 sedissem
647 1122 788 1195 forsitan
805 1151 893 1196 unus

107 1238 111 1247 ⁴
176 1236 228 1307 De
246 1252 378 1308 centum
395 1234 493 1332 judex
510 1235 617 1307 intua
634 1236 733 1307 verba
749 1236 837 1309 viris.

128 1349 238 1448 Major
254 1366 286 1420 et
298 1346 468 1447 implesset
487 1349 667 1448 precordia
686 1366 800 1422 nostra
817 1347 996 1450 voluptas,
1158 1372 1182 1423 at

177 1467 293 1563 Quum
310 1465 457 1538 traherer
476 1464 574 1539 dictis
591 1465 844 1565 adnueremque·
855 1465 932 1538 tuis.

127 1583 237 1679 Quem
256 1581 411 1681 quoniam
431 1581 554 1668 fatum,
572 1581 668 1654 vobis
684 1582 857 1681 patriaque
872 1579 1019 1672 relictis,

174 1703 265 1772 luter
280 1700 481 1772 inhumanos
501 1698 620 1772 maluit
635 1727 705 1774 esse
723 1701 846 1773 Getas:

127 1815 229 1912 Quod
246 1816 343 1902 licet,
363 1833 403 1888 ut
419 1815 531 1889 videar
548 1833 656 1890 tecum
674 1818 778 1912 magis
797 1845 885 1904 esse,
907 1815 1067 1913 legendo,

175 1932 288 2031 Saepe,
309 1959 441 2031 precor,
458 1930 562 2003 studii
580 1930 720 2031 pignora
736 1932 831 2006 mitte
847 1933 916 2005 tui:
1158 1957 1182 2008 30

94 2082 103 2093 ’
126 2046 355 2147 Exemploque
373 2076 468 2135 meo,
487 2048 553 2120 nisi
571 2048 762 2143 dedignaris¹
778 2049 813 2120 id
831 2050 958 2150 ipsum,

175 2166 301 2237 Utere:
318 2162 408 2262 quod
426 2163 525 2236 nobis
544 2164 666 2237 rectius
684 2163 755 2263 ipse
772 2163 875 2237 dares.

124 2282 275 2380 Namque
293 2307 373 2374 ego,
392 2280 450 2379 qui
468 2279 551 2379 perii
565 2279 632 2379 jam
652 2279 799 2381 pridem,
817 2279 979 2370 Maxime,
999 2282 1111 2373 vobis,

171 2397 311 2491 Ingenio
332 2396 423 2470 nitor
438 2425 507 2469 uon
524 2394 661 2497 periisse
680 2425 765 2470 meo.

124 2512 240 2586 Redde
260 2513 383 2600 vicem3
403 2541 463 2585 nec
481 2540 554 2586 rara
573 2514 622 2586 tui
635 2530 848 2585 monumenta
863 2513 991 2588 laboris
1159 2533 1185 2586 35

173 2628 349 2730 decipiant
367 2647 505 2715 nostrae,
524 2646 615 2723 grata
631 2628 760 2716 lutura,
779 2657 905 2702 manus.

122 2745 186 2817 Dic
205 2764 333 2831 tamen,
354 2774 374 2817 o
390 2744 519 2843 juvenis
537 2744 723 2817 studiorum
740 2743 836 2845 plene
852 2772 1020 2834 meorum,

172 2861 302 2960 Ecquid
320 2861 361 2935 ab
379 2859 432 2932 his
450 2857 533 2958 ipsis
552 2858 749 2937 admoneare
767 2861 855 2935 mei?

121 2978 269 3076 Ecquid,
286 2977 346 3051 ubi
362 2995 420 3049 aut
433 2977 552 3050 recitas
568 2975 689 3050 factum
706 2978 807 3051 modo
827 3006 957 3052 carmen
974 2982 1108 3079 amicis,

154 3157 193 3190 20.
208 3141 289 3204 Quam
300 3142 332 3192 de
341 3143 521 3196 lancecaelata.
537 3139 629 3208 Quam
679 3163 757 3208 mox,
771 3147 931 3212 exemploque
940 3151 1005 3206 mei,
1026 3167 1137 3216 promea
1144 3147 1182 3201 de·

119 3219 151 3272 dc
165 3218 250 3286 aliqua
261 3217 348 3285 patina
359 3258 367 3282 ,
380 3229 406 3271 et
418 3239 477 3271 vase
487 3218 596 3286 sculpto.
679 3241 736 3276 cem
748 3233 867 3288 veteres,
882 3233 908 3275 et
923 3225 1017 3277 nostri.

153 3316 191 3348 22.
203 3296 260 3347 Tua
269 3315 326 3347 vox.
337 3295 396 3348 Tua
407 3296 533 3350 recitatio.
542 3296 631 3351 Multo
711 3301 751 3353 32.
778 3301 854 3365 Quod
864 3305 936 3354 nobis
953 3306 1058 3356 rectius.
1075 3304 1183 3357 Minore

119 3377 201 3447 magis
209 3376 282 3431 enim
289 3375 347 3427 viva
355 3395 404 3428 vox
412 3376 543 3429 adficit·
550 3380 631 3430 Echi·
679 3378 751 3430 enim
770 3397 785 3429 a
803 3379 947 3447 majoribus
964 3392 1059 3449 petere
1077 3381 1183 3452 exempla

117 3461 219 3509 buissaet.
237 3455 299 3507 Hoc
312 3464 366 3519 est,
381 3453 561 3521 audivissem,
574 3474 630 3507 non
679 3455 784 3509 debent.
803 3455 892 3510 Pons.

119 3533 237 3604 legissem
250 3532 399 3586 orationem
412 3543 493 3585 tuum.
710 3534 751 3600 34.
762 3528 866 3601 Ingenio
876 3545 925 3588 etc.
937 3535 1034 3589 Scribo
1047 3538 1136 3592 advos
1144 3556 1184 3592 sn-

150 3611 190 3664 25.
199 3614 267 3663 Dum
274 3613 533 3663 tratemundum.
549 3613 629 3674 Quum
678 3611 752 3679 pius,
765 3622 793 3663 et
801 3630 833 3662 eo
841 3621 917 3680 parto
927 3631 1012 3665 conor
1019 3617 1095 3669 vobis
1105 3617 1185 3669 absen-

117 3688 244 3759 Heinsius
255 3687 338 3741 edidit
349 3707 379 3739 ex
391 3685 522 3740 codicibus
532 3704 630 3755 magno
679 3688 748 3741 tibus
760 3726 767 3754 ,
789 3699 913 3756 tanquam
929 3680 1106 3758 prae'sentibus
1124 3692 1185 3756 frui,

118 3785 239 3820 numero.
250 3795 285 3807 -
294 3766 389 3834 Quum
400 3765 534 3818 dicentem
543 3774 567 3815 te
581 3783 630 3816 au·
678 3776 704 3818 et
716 3763 799 3818 rideri
812 3785 866 3819 esse
877 3768 1013 3823 vobiscum
1028 3810 1036 3837 ,
1056 3784 1085 3825 et
1101 3771 1186 3825 nonin

116 3840 211 3909 dicem,
222 3855 248 3897 et
256 3845 282 3895 in
294 3855 338 3896 tua
347 3842 426 3896 verba
435 3853 460 3894 et
469 3842 629 3894 sententiam
678 3843 775 3896 exsilio.

116 3920 261 3975 adducerer
269 3924 320 3977 tuis
334 3922 487 3976 rationibus.
710 3921 958 3992 39.Ecqu1'busaut
974 3931 1078 3980 recitas.
1094 3927 1188 3995 Ecquid

147 4017 187 4069 aq.
211 4000 247 4050 Ut
270 4004 360 4053 videar
376 4012 456 4054 lecum
475 4004 557 4066 magis
574 4018 629 4051 esse
677 4001 818 4051 ubirecr'tas
826 4000 956 4052 nonnulli.
964 4001 1186 4073 ScribeEcpuibus

111 4078 225 4142 legendo.
236 4076 327 4130 Codex
337 4078 480 4147 Scaligeri,
493 4079 623 4146 loquendo,
677 4086 705 4130 ut
715 4082 824 4140 recisam
845 4090 872 4133 et
887 4099 956 4149 pone
976 4080 1186 4153 interrogationis

113 4163 143 4204 ut
164 4163 191 4205 et
215 4152 257 4206 alii
281 4156 421 4230 nonnulli,
441 4155 487 4208 sed
508 4155 627 4209 frustra:
676 4165 838 4224 notampost
853 4153 913 4222 itta,
931 4166 1044 4224 queritur
1058 4169 1105 4213 tua
1121 4178 1185 4213 mens
