2624 4816
277 253 547 322 TRISTIUM
571 255 669 323 mn.
695 256 780 323 111..
799 256 946 326 ELEG.
972 260 1043 328 IV.
1128 284 1186 329 ιιι

487 548 724 689 breem
754 606 828 691 lv.

452 989 863 1060 ARGUMENTUM.

108 1153 248 1207 Amicum
264 1153 445 1221 censsimnm,
465 1173 544 1223 quem
564 1165 673 1224 propter
691 1153 842 1225 Augustum
862 1175 918 1209 non
937 1157 1016 1212 audet
1033 1159 1192 1230 nominare,

158 1248 233 1308 poete
247 1237 388 1304 admonet,
404 1249 434 1291 ut
445 1257 540 1308 magna
553 1239 619 1291 atria
631 1247 658 1292 et
669 1248 792 1309 potentes
803 1238 900 1308 fugiet,
912 1241 956 1309 qui
967 1242 1086 1310 quamvis
1095 1245 1195 1314 possint

158 1322 302 1391 plurimum
314 1320 451 1391 prodesse,
472 1341 528 1375 uon
540 1331 668 1392 prosunt,
682 1322 728 1377 sed
747 1323 834 1391 potius
854 1334 960 1377 nocent.
979 1325 1081 1380 Laudat
1098 1326 1195 1384 deindo

157 1407 230 1462 amici
244 1407 342 1475 fidem,
357 1426 436 1476 quam
448 1407 496 1460 sibi
510 1408 537 1460 in
552 1407 665 1461 adversis
682 1407 760 1460 rebus
773 1427 911 1479 nunquam
931 1408 1045 1466 defuisse
1056 1413 1194 1483 cognorim

156 1489 285 1558 simulque
298 1498 438 1542 enumerat
450 1487 531 1542 exsilii
544 1489 584 1542 sui
595 1488 782 1556 incommoda;
801 1499 876 1560 rogat
889 1502 1042 1560 postremo,
1056 1504 1100 1562 ut,
1115 1514 1194 1564 quam

157 1575 252 1645 possit,
263 1574 301 1628 illi
311 1592 390 1644 opem
401 1573 478 1629 ieret

121 1742 173 1845 Ο
195 1793 283 1848 MIHI
302 1803 374 1849 care
393 1775 526 1877 quidem
544 1803 689 1879 semper,
708 1776 767 1851 scd
785 1792 934 1879 tempore
951 1779 1037 1855 duro

147 1900 151 1907 '
172 1888 332 1985 Cognito,
350 1917 402 1963 res
417 1907 595 1991 postquam
608 1893 818 1992 procubuere
833 1921 929 1981 mce;

119 2007 250 2082 Usibus
268 2008 386 2081 edocto
404 2008 432 2080 si
452 2008 632 2109 quidquam
650 2008 756 2084 credis
774 2009 900 2098 amico,

172 2121 256 2196 Vive
274 2122 357 2212 tibi,
373 2141 409 2198 et
425 2123 526 2220 longe
543 2126 679 2199 nomina
694 2154 812 2220 magna
828 2125 917 2220 suge.

121 2237 201 2313 Vive
217 2238 299 2327 tibi,
319 2257 544 2342 quantumque
561 2259 655 2343 potes
671 2240 853 2342 praeiustria
869 2240 960 2314 vita:
1175 2265 1190 2316 o

169 2354 300 2431 Saevum
314 2355 480 2456 praeiustri
497 2356 622 2433 fulmen
639 2359 682 2432 ab
699 2387 771 2433 arce
788 2356 888 2430 venit.

129 2467 224 2560 Nam,
244 2498 444 2573 quemquam
460 2473 523 2546 soli
539 2494 681 2575 possunt
698 2474 858 2576 prodesse
876 2489 1050 2575 potentes,

168 2591 247 2665 Nou
261 2590 371 2691 prosit
383 2590 514 2691 potius,
534 2591 561 2665 si
578 2592 654 2693 quis
672 2593 789 2666 obesse
805 2608 926 2691 potest.

133 2701 251 2802 bibrgit
267 2706 423 2781 hibernas
441 2707 580 2782 demissa
598 2726 739 2783 antenna
757 2705 940 2808 procellas,

169 2824 317 2925 Latnque
333 2822 410 2924 plus
429 2825 539 2924 parvis
552 2822 624 2896 vela
642 2823 771 2897 timoris
787 2823 922 2896 babent.
1162 2860 1191 2897 ιο

135 2936 297 3040 Adspicis,
312 2957 351 3012 ut
368 2967 495 3013 summa
512 2957 627 3012 cortex
643 2938 724 3012 levis
741 2939 869 3043 innatet
883 2936 992 3026 unda,

172 3055 286 3152 Quum
304 3082 402 3149 grave
418 3082 502 3129 nexa
518 3053 617 3129 simul
633 3055 716 3129 retia
731 3071 858 3149 mergat
875 3081 971 3129 onus.

160 3228 180 3281 5.
194 3230 254 3282 Vin
266 3232 321 3281 titt.
334 3227 436 3282 Tecum
448 3226 629 3282 habitentur.
676 3231 733 3294 igne
745 3245 753 3278 .·
766 3223 804 3277 nii
814 3234 888 3277 muta
899 3244 905 3287 ;
916 3223 961 3277 lib.
973 3222 1001 3289 1,
1016 3222 1088 3292 Eieg.
1101 3239 1129 3290 1,
1144 3243 1189 3292 7²²

137 3328 161 3342 -
175 3307 232 3360 Vive
249 3310 305 3359 tr’bi.
324 3305 428 3361 Platoni
447 3316 486 3359 est
504 3310 534 3361 τὲ
552 3311 631 3360 ἑαυτοῦ
678 3302 785 3356 «Venit
804 3304 832 3355 in
849 3302 900 3356 boc
915 3300 958 3354 illa
974 3299 1076 3355 fulmen
1088 3301 1120 3353 ab
1131 3319 1190 3354 erce

138 3383 240 3453 ιρᾶπιινς
257 3383 317 3437 vide
331 3383 457 3453 Stephon.
471 3382 631 3438 Schediasm.
678 3392 764 3450 caput.
776 3403 790 3428 »
806 3382 842 3434 H.

139 3455 208 3527 libi,
225 3481 280 3531 cap.
302 3483 325 3514 2·
344 3461 460 3515 Jubetur
476 3472 564 3514 eutem
583 3480 631 3514 sua
714 3455 1191 3526 11.Adsp1·cn‚nunnamenster·

140 3537 631 3595 mediocritateessecontentusltsnsn.
679 3536 794 3591 texsolet
802 3537 942 3591 insumma
950 3543 1126 3605 squammis,
1141 3552 1191 3588 nec

85 3622 89 3633 '
141 3619 316 3672 -Prelusm'm
334 3618 461 3673 Praecinra
477 3619 549 3671 atria.
567 3621 630 3672 Plus
679 3617 763 3686 mergi
774 3626 815 3669 :at
827 3616 892 3675 retia
903 3634 999 3684 magno
1010 3611 1110 3681 plumbi
1123 3631 1190 3681 pon·

142 3696 226 3750 tenoris.
238 3697 371 3766 Maiorem
385 3694 565 3748 formidinem.
680 3694 742 3748 dere
753 3693 836 3764 mergi
846 3695 941 3747 soient.
953 3693 1006 3745 Per
1018 3695 1132 3744 codicem
1142 3709 1191 3744 au-

167 3791 184 3838 7.
201 3777 280 3835 Nam,
302 3794 449 3843 quamquam
466 3777 523 3827 soli.
543 3771 631 3825 Disti-
679 3783 734 3826 tem
743 3772 843 3839 levem,
856 3783 883 3825 et
894 3770 1014 3825 homines
1024 3780 1129 3832 tenues3
1143 3789 1191 3840 per

144 3844 392 3921 tbonbocnugntoris
402 3851 509 3920 alicujus
519 3860 632 3915 est‚non
673 3854 803 3917 plumbum
820 3867 902 3914 vero,
921 3856 1041 3915 potentes
1057 3846 1190 3917 designat:

147 3924 245 3984 Nasonis.
256 3932 392 4002 Superiori
409 3952 485 3984 versu
501 3950 549 4000 pro
559 3951 631 3998 μνω-
680 3927 1193 3999 qui,utpiumbum,grnniorecasudien·

146 4002 280 4075 inscrtum,
292 4020 394 4064 veteres
409 4010 504 4077 majori
514 4029 544 4064 ex
557 4020 629 4079 parte
680 4020 720 4064 tes
732 4009 875 4078 precipites
888 4005 996 4062 trahunt
1007 4025 1061 4077 quo
1072 4006 1172 4064 volunt.
