2624 4816
137 454 205 525 ¹³9⁰
408 432 448 498 ι).
481 431 668 499 ov11>11
695 430 933 503 Nasotms

138 571 251 668 Quam
267 569 351 645 male
367 599 402 646 se
418 587 551 671 praestet
566 572 668 645 veteri
689 571 859 648 Graecinus
876 574 1005 649 amieo:

185 687 262 761 Non
275 686 321 760 ita
338 703 417 759 sunt
434 685 511 761 fatis
529 687 639 761 omnia
655 716 748 763 versa
763 689 854 765 meis.
983 691 987 698 ’

132 880 1193 921 *m

444 1023 755 1110 EPISTOLA
781 1028 887 1113 Vll.

490 1405 841 1485 MESSALLINO.

464 1774 864 1840 ARGUMENTUM.

129 1925 1056 2004 BeneprecaturMessalliuopoeta‚misemquesibiamicitism‚patris
1063 1936 1187 2009 fratrique

353 2021 457 2064 secutus
468 2011 604 2080 exempla,
617 2011 688 2065 haud
700 2012 830 2084 deneget,
843 2014 971 2072 hortatur.

131 2167 305 2270 LITERA
321 2220 384 2293 pro
401 2190 512 2266 verbis
529 2193 612 2281 ttbi,
628 2195 837 2285 Messallae,
857 2196 1017 2289 salutem,

178 2313 290 2408 Quam
306 2308 407 2405 legis,
424 2334 443 2383 a
458 2309 551 2383 saevis
568 2309 687 2385 adtulit
704 2334 809 2414 usque
826 2315 930 2390 Getis.

129 2430 258 2505 Iudicat
276 2444 443 2527 auctorem
459 2425 577 2501 loeus?
592 2456 652 2516 an,
668 2428 732 2502 nisi
750 2431 885 2505 nomine
900 2430 1004 2523 lecto,

161 2549 256 2650 ‘Hae
272 2573 325 2619 me
343 2546 510 2653 Nasonem
530 2544 674 2619 seribere
690 2545 808 2635 verba,
829 2545 937 2621 latet?

126 2664 252 2765 Ecquis
268 2662 304 2735 in
321 2678 466 2735 extremo
482 2661 612 2761 positus
624 2661 709 2759 jacet
725 2662 809 2736 orbe
827 2681 981 2754 tuorum,
1173 2687 1185 2738 5

175 2782 234 2853 Me
252 2796 361 2852 tamen
378 2794 535 2878 excepto,
556 2776 614 2877 qui
629 2804 747 2878 precor
762 2806 832 2854 esse
850 2782 954 2854 tuus?

127 2897 174 2969 Di
189 2894 309 2996 procul
325 2924 345 2968 a
363 2894 510 2983 cunetis,
527 2894 586 2994 qui
603 2911 635 2968 te
651 2914 847 2970 venerantur
863 2917 1056 3000 amantque,

176 3014 288 3113 Hujus
300 3012 452 3087 notitiam
467 3011 577 3108 gentis
593 3011 707 3088 abesse
724 3012 836 3086 velint.

126 3131 218 3215 Nos,
238 3127 318 3201 satis
334 3143 404 3211 est,
422 3125 509 3199 inter
525 3124 661 3221 glaciem
679 3125 915 3227 Scythicasque
932 3130 1070 3226 sagittas

79 3283 84 3290 ·
176 3245 313 3331 Vivere,
332 3244 360 3317 si
377 3242 444 3316 vita
461 3258 511 3315 est
524 3242 641 3316 mortis
656 3239 809 3316 habenda
827 3271 941 3337 genus.
1161 3282 1184 3319 to

158 3419 252 3486 4.Hoec
261 3433 301 3468 me
317 3416 451 3467 Nasonem.
466 3413 559 3468 Malim
575 3418 638 3468 Hac
686 3414 745 3469 dius
752 3415 829 3484 cupio
842 3424 871 3469 ut
880 3416 930 3469 sim
942 3426 1018 3484 tuus,
1032 3419 1186 3476 necatetle·

127 3503 177 3553 etta·
185 3499 320 3551 Nasonem.
332 3492 368 3545 H.
685 3493 786 3548 stitnar.
800 3494 875 3548 Mum

155 3569 637 3644 5.Ecqm'stuorum.Numquistuomm
720 3574 1186 3642 7.De'iproculacuscts's.FasintDii‚

110 3678 113 3699 ι
128 3655 291 3718 asnieorum,
313 3660 359 3703 aut
377 3647 513 3702 clientum.
529 3650 568 3701 Et
581 3654 638 3718 qais
685 3669 720 3703 ne
733 3651 870 3719 quisquam
883 3651 1017 3717 cultorum
1032 3663 1139 3711 tuorum
1148 3654 1202 3711 lut·

129 3730 269 3795 nonnulli-3
281 3730 324 3782 Eu
333 3731 389 3797 quis
401 3726 431 3778 P.
439 3723 508 3779 Dan.
517 3723 550 3766 ..'
558 3727 637 3778 Ines-
686 3737 777 3795 gentes
788 3747 902 3798 praesens
910 3731 1029 3785 moverit.
1041 3731 1074 3787 P.

129 3812 283 3865 tremaorbe.
295 3807 327 3859 ln
342 3804 433 3858 ultima
443 3804 637 3872 septemtrionis
726 3808 749 3860 8.
771 3811 862 3862 Gestis
885 3812 974 3862 abesse
992 3814 1081 3867 vehat.
1099 3813 1191 3865 Halae

130 3887 213 3959 plaga.
220 3913 253 3926 -
260 3889 344 3939 Iacet.
352 3884 408 3938 Aut
415 3883 526 3946 habitan
537 3893 581 3935 aut
592 3903 637 3937 re·
686 3883 790 3939 Sarrav.
797 3886 908 3957 Argent.
915 3884 1036 3954 Combii,
1045 3899 1074 3942 et
1082 3888 1189 3952 Moreti;

128 3985 193 4020 vera·
199 3976 325 4033 tanquam
333 3974 453 4018 mortuus
461 3970 637 4031 etprostratus
685 3961 736 4016 hoe
747 3974 800 4028 est,
813 3965 903 4033 procul
915 3963 1038 4018 habeant.
1051 3966 1089 4021 H.

127 4047 203 4114 iacet.
215 4043 277 4094 Hoc
284 4053 373 4095 autem
382 4041 507 4096 dicitnon
514 4039 570 4094 sine
578 4061 646 4095 ma-.
721 4060 758 4094 ιο.
778 4044 811 4096 Si
822 4061 902 4110 genus
915 4036 1004 4096 morta}
1023 4052 1065 4098 est
1079 4047 1191 4100 tatesda

72 4119 79 4152 ³
128 4117 295 4192 gnodotoree
685 4123 746 4172 vita.
766 4118 795 4172 Si
812 4119 929 4174 exsilium
942 4138 1035 4174 meum
1050 4121 1190 4178 debeant-

160 4198 185 4250 6.
200 4198 343 4263 Quiprecor
352 4215 407 4250 esse
417 4207 483 4250 tues.
499 4196 556 4265 Qui
568 4195 637 4250 Ovi·
685 4197 775 4267 pellaei
791 4198 851 4253 vita.
924 4209 929 4217 '
1113 4218 1116 4223 ’
