2624 4816
163 408 208 496 34
437 410 479 475 r.
512 408 691 476 ovium
723 406 953 477 uasoms

160 552 209 625 'l'e
225 577 316 640 mea,
334 548 510 649 subposita
522 545 625 622 veluti
641 547 752 636 trabe,
770 546 854 622 fulta
871 550 966 624 ruina
982 567 1053 638 ect;
1221 574 1238 626 5

211 667 248 740 Si
259 664 340 769 quid
354 666 462 741 adbuc
477 693 541 761 ego
556 694 647 753 sum,
665 665 812 740 muueris
829 695 927 741 omne
945 667 994 742 tui
1013 686 1084 744 est:

160 786 215 860 Tu
227 783 326 870 sacis,
344 799 383 858 ut
401 781 547 882 spolium
561 811 603 858 ne
620 783 702 870 sim,
721 811 786 856 neu
804 782 911 858 nuder
925 784 968 861 ab
984 784 1051 860 illis

209 898 381 995 Naufragii
399 897 530 973 tabulas
546 899 605 1001 qui
622 901 745 1000 petiere
759 902 834 975 mei.

143 1067 145 1072 -
160 1019 276 1118 thue
288 1043 404 1116 rapax,
422 1012 611 1089 stimulante
623 1013 725 1102 same,
745 1015 952 1117 cupidusque
964 1016 1095 1090 cruoris
1171 1034 1175 1041 ’

210 1129 455 1204 Incustoditum
472 1147 584 1230 captat
599 1128 685 1203 ovile
699 1128 819 1230 lupus:

161 1247 233 1321 Aut
249 1262 287 1317 ut
303 1245 384 1318 edax
400 1242 511 1319 vultur
526 1273 649 1345 eorpus
666 1244 910 1346 circumspicit,
929 1245 1057 1345 ecquod

211 1360 283 1433 Sub
302 1359 392 1434 nulla
409 1359 559 1460 positum
576 1387 705 1433 temere
723 1359 832 1459 possit
848 1359 969 1433 humo:

162 1475 217 1548 sic
234 1502 307 1549 mea
323 1474 436 1548 nescio
454 1473 549 1573 quis,
566 1472 666 1545 rebus
680 1470 763 1545 male
779 1471 865 1546 lidus
881 1474 1024 1564 acerbis,

208 1591 250 1662 In
265 1590 353 1662 bona
371 1604 550 1674 venturus,
571 1587 599 1661 si
614 1604 782 1687 paterere,
800 1587 874 1662 fuit.

163 1706 264 1780 Hunc
281 1721 336 1778 tua
353 1732 413 1805 per
428 1703 531 1777 fortes
546 1702 652 1777 virtus
669 1703 837 1777 submovit
850 1703 987 1793 amicos,
1204 1730 1236 1783 15

196 1909 219 1958 5.
234 1904 270 1956 Te
276 1920 332 1954 mea
338 1904 469 1968 subposita
478 1908 524 1953 est.
535 1898 672 1968 Accipien—
721 1919 776 1953 non
789 1899 933 1970 ademerit,
950 1903 997 1974 ipsi
1010 1914 1099 1958 tamen
1112 1905 1234 1964 adimere

161 1983 227 2035 dum
238 1981 276 2033 est
287 1979 319 2032 de
331 1979 549 2049 possessionibus,
566 1977 594 2030 in
609 1996 672 2046 quas
720 1979 822 2034 nefarie
829 1993 976 2048 conantur,
986 2002 1040 2036 non
1050 2003 1124 2038 secus
1132 2005 1162 2040 ac
1172 2006 1236 2056 par-

161 2061 313 2114 involabant
326 2059 448 2112 homines
463 2059 609 2112 alienorum
624 2076 673 2112 cu·
720 2068 760 2112 tes
769 2060 842 2112 navis
852 2059 965 2135 disjectae
973 2060 1120 2132 naufragio.

162 2139 234 2210 pidi,
253 2157 366 2207 quarum
386 2136 516 2190 fructibus
534 2137 562 2188 in
584 2135 671 2188 exsilio
753 2156 777 2209 9.
796 2138 954 2206 Cupr'dusque
969 2144 1071 2191 cruoris.
1091 2141 1235 2211 &labosque

161 2215 675 2288 ipsevivebamus-Subpositaveluti
721 2233 789 2268 unus
801 2215 953 2282 Mediceus,
965 2227 1083 2270 venuste.
1096 2217 1198 2273 Httttts.

160 2299 232 2350 trabe
242 2291 315 2360 sulla
331 2297 406 2346 ruina
424 2301 470 2344 esl-
492 2293 554 2344 Non
573 2289 672 2342 damss0
757 2314 795 2346 ιι.
807 2295 863 2346 Au!
874 2303 903 2346 rc!
911 2297 978 2345 edax
988 2298 1078 2349 vultur.
1092 2291 1192 2349 Vultur
1199 2318 1234 2352 ex

161 2374 271 2443 quidem
280 2373 348 2426 hanc
356 2372 513 2437 lectionem,
525 2387 605 2438 quarn
614 2366 672 2419 libri
721 2371 888 2426 cadaveribus
904 2371 952 2425 sihi
970 2392 1055 2426 escam
1068 2375 1170 2442 qumis,
1184 2376 1233 2429 ln-

159 2463 263 2506 veteres
272 2460 429 2522 agnoscunt,
442 2448 573 2502 veriorem
582 2456 671 2499 tamen
722 2448 817 2503 terfrcit
836 2460 925 2502 autem
944 2450 1030 2518 nibil,
1051 2471 1101 2504 nec
1120 2451 1235 2508 destruit

164 2549 280 2600 auguror
290 2529 364 2595 fore,
377 2528 398 2581 si
405 2531 494 2580 carina
501 2543 621 2594 reponas.
631 2524 674 2576 ln·
722 2527 912 2593 animantium
926 2529 1064 2583 vidArist.
1071 2530 1113 2583 lib.
1123 2530 1171 2587 V1.
1177 2534 1236 2587 Aut

161 2611 256 2681 telligit
266 2612 353 2665 trabes
363 2609 427 2677 illas,
435 2628 494 2678 quae
504 2607 637 2661 subductis
645 2606 672 2658 in
721 2615 751 2659 ut
758 2609 825 2659 edax
837 2610 927 2660 vultur.
938 2608 1007 2662 Nam
1019 2618 1045 2662 et
1056 2609 1163 2664 vulturii
1175 2631 1233 2664 no-

161 2689 223 2744 litus
248 2689 357 2742 navibus
383 2686 596 2757 subjiciebantur.
622 2686 673 2739 He
722 2685 868 2752 minantur,
877 2684 921 2753 qui
934 2697 1039 2756 captant
1051 2689 1121 2744 bona
1132 2689 1232 2758 aliena,

162 2766 387 2834 Graecisdoiloeppeg,
394 2767 435 2819 vel
443 2767 567 2834 Φαλᾶγγια,
578 2764 609 2817 de
619 2765 674 2833 qui·
722 2775 749 2818 et
763 2784 793 2817 ea
807 2785 854 2835 per
866 2764 904 2817 sas
913 2775 944 2821 ‚et
955 2766 1029 2820 nefas
1044 2786 1171 2838 occupare
1183 2771 1235 2823 ni-

164 2843 213 2895 bus
228 2842 320 2895 Pollux
335 2854 362 2896 et
379 2843 527 2916 Hesychius
546 2863 553 2896 :
571 2843 674 2897 Nonius
723 2852 825 2896 tuutur.

162 2941 267 2990 quoque
279 2923 307 2974 in
321 2926 449 2988 Palangoe.
468 2925 555 2975 Varro
571 2922 604 2976 de
621 2923 673 2975 vita
759 2942 795 2975 ra.
809 2926 859 2977 Sub
869 2926 941 2976 nulla
946 2928 1056 2990 positum
1067 2943 1165 2978 cernere
1172 2947 1234 2994 pos·

163 2997 260 3066 Populi
277 2999 393 3050 Romani
409 3019 415 3051 ε
433 3020 446 3044 «
466 2999 561 3066 Quum
577 3000 674 3052 Poenus
721 3004 848 3054 sithumo.
861 3001 911 3054 Sub
926 3004 994 3053 nuda
1005 3001 1120 3070 Scaliger
1136 3013 1163 3056 et
1175 3004 1235 3058 edi-

162 3075 191 3128 in
202 3075 302 3127 fretum
315 3075 419 3128 obviam
431 3076 543 3128 venisset
557 3077 652 3140 nostris
665 3115 673 3141 ,
722 3080 808 3133 tiones
818 3079 968 3146 nonnullae,
977 3098 1128 3149 perperam,
1138 3101 1235 3152 corpus

163 3165 191 3209 et
204 3156 330 3225 quosdam
346 3158 477 3224 cepisset,
498 3155 675 3209 crudelissime
723 3157 771 3210 sub
789 3157 860 3208 nulla
878 3157 970 3210 tellure
989 3158 1118 3227 positum,
1133 3170 1172 3213 est
1183 3161 1234 3213 in-

163 3252 212 3304 pro
221 3233 442 3302 Palangiscarinis
451 3234 597 3301 subiecerat
606 3254 612 3296 3
622 3252 675 3301 quo
723 3233 863 3286 humatum
876 3251 978 3301 corpus.

164 3323 240 3365 metu
257 3311 404 3364 debilitaret
424 3322 534 3364 nostros.
553 3332 566 3356 »
585 3309 675 3363 Isido-
759 3312 796 3366 13.
814 3313 977 3380 Malefidus5
1000 3330 1033 3364 an
1048 3331 1103 3364 non
1118 3313 1234 3378 rectius,

163 3410 223 3457 rus,
235 3389 278 3442 lib.
291 3390 374 3455 XIX,
387 3409 408 3440 c.
424 3409 466 3453 rr,
482 3388 597 3460 Etymol.
611 3390 676 3443 Pul·
723 3395 882 3461 malefisus?
895 3390 1006 3444 credens
1018 3401 1045 3443 et
1056 3391 1194 3447 confidens
1205 3415 1234 3448 se

162 3474 236 3521 cinos
255 3466 360 3519 ridetur
380 3466 507 3536 appellare
521 3487 527 3518 :
541 3467 675 3520 Minucius
723 3470 782 3524 ideo
794 3470 893 3523 facilius
904 3468 1028 3522 invadere
1038 3489 1111 3537 posse
1119 3490 1179 3525 mea
1189 3473 1235 3525 bo·

164 3548 276 3602 Octavio
287 3567 317 3600 z«
327 3547 362 3600 Et
372 3564 455 3614 quum
470 3547 501 3598 ad
515 3546 542 3600 id
555 3548 602 3600 loci
609 3568 674 3600 ven·
723 3568 773 3615 na,
787 3550 848 3616 quia
864 3548 984 3601 acerbam
1001 3547 1139 3602 fortunam
1155 3570 1236 3620 expe-

163 3635 222 3680 tum
240 3637 295 3694 est,
309 3625 353 3679 ubi
373 3625 508 3677 subductae
528 3626 673 3693 naviculae,
723 3628 785 3680 rior.
799 3627 851 3680 Sed
865 3638 892 3680 et
904 3627 1006 3695 vulgata
1018 3629 1116 3679 servari
1129 3639 1234 3697 potest,

166 3704 302 3760 substratis
314 3704 466 3770 roboribus,
477 3723 492 3755 a
502 3714 609 3757 terrena
618 3705 675 3757 labe
723 3707 806 3772 utsit,
819 3707 846 3758 in
855 3706 933 3759 rebus
942 3705 1008 3756 meis
1014 3705 1128 3771 acerbis,
1141 3708 1236 3776 quibus

161 3799 292 3850 suspensae
303 3783 478 3852 quiescebant.
492 3803 506 3829 ι)
525 3784 561 3834 Η.
646 3815 647 3820 =
723 3785 789 3839 fides
797 3787 853 3855 ejus
862 3784 975 3838 debebat
985 3804 1012 3837 se
1025 3784 1233 3854 ostender-estn-

199 3881 221 3930 7.
238 3863 520 3929 Utspoliumrronsr'm.
537 3863 676 3916 (fenestra
723 3863 799 3918 fidus.
812 3864 910 3918 Buutt.
1233 3879 1236 3883 ’

165 3944 219 3991 tres
232 3949 340 3993 veteres.
559 3967 563 3975 ι
760 3943 797 4007 ι4.
812 3944 844 3993 In
855 3960 911 3994 mea
927 3945 1001 3994 bona.
1014 3942 1046 3996 lu
1059 3959 1130 3995 meas
1138 3942 1235 3996 fortu-

197 4018 221 4070 8.
248 4018 391 4086 Naufragii
409 4021 519 4072 tabulas.
542 4016 676 4084 Reliquias
723 4036 779 4071 nas.
792 4019 869 4072 Μιιιι.
958 4046 960 4050 >
1228 4025 1230 4030 '

163 4095 295 4165 naufragii
310 4099 381 4163 mei,
398 4098 530 4168 reliquum
546 4095 675 4150 fortuna·
759 4099 797 4150 15.
812 4099 970 4162 Trevidon
981 4097 1017 4152 sic
1024 4097 1126 4152 Tullius
1134 4099 1166 4152 ad
1175 4117 1235 4152 uxo-

163 4193 224 4229 rum
241 4192 361 4242 mearum
375 4193 382 4227 t
397 4195 461 4245 quas
480 4194 563 4247 quum
577 4173 678 4230 -Caesar
723 4193 795 4228 rem:
805 4196 818 4222 o
831 4175 870 4228 Ex
880 4174 961 4230 literis
971 4177 1132 4246 multorum,
1144 4188 1233 4232 etser-
