2624 4816
159 379 222 455 186
440 385 480 453 P.
508 384 683 454 OVIDII
707 383 939 456 NASONIS

202 519 248 591 Et
265 547 337 617 qnae
352 547 440 592 nunc
457 520 590 595 domiuo
608 551 685 596 rura
702 541 841 624 paterna
859 544 991 603 carent:
1194 576 1221 612 ss

103 638 104 643 ’
153 637 260 735 Inque
277 637 351 710 sinn
369 637 526 727 domina,
546 639 696 741 carisque
709 642 907 741 nepotibus,
923 642 1026 746 inque

161 810 165 819 .
206 755 348 829 Securus
364 756 470 855 patria
487 758 697 832 consenuisse
715 785 795 830 mea

156 871 235 943 Hac
252 896 323 942 mea
341 872 387 944 sic
403 873 570 971 quondam
585 875 698 974 peragi
716 892 903 974 speraverat
919 893 1016 968 atas3

205 989 279 1061 Hos
297 1016 358 1082 ego
375 989 421 1063 sic
438 1018 546 1064 annos
562 991 704 1064 condere
722 990 845 1085 dignus
863 1019 965 1066 eram.

154 1105 233 1178 Non
249 1105 295 1177 ita
313 1107 376 1179 Dis
391 1106 497 1180 visum
511 1164 521 1195 ,
537 1107 595 1208 qui
612 1135 665 1180 me
680 1125 850 1208 terraque,
865 1109 1014 1211 marique
1193 1132 1221 1187 aa

205 1221 344 1309 Actum,
362 1223 549 1299 Sarmaticis
566 1253 748 1335 exposuere
765 1223 857 1298 locis.

156 1338 197 1408 In
213 1336 289 1411 cava
302 1338 471 1413 ducuntur
487 1368 613 1440 quassa
629 1341 755 1414 navalia
772 1369 924 1441 puppes,

59 1442 67 1457 ’
204 1452 254 1524 Ne
270 1469 389 1526 temere
405 1453 440 1525 iu
456 1454 571 1526 mediis
588 1453 810 1527 destituantur
824 1453 942 1555 aquis:

157 1563 207 1636 Ne
224 1565 338 1653 cadat,
356 1585 388 1638 et
405 1568 525 1641 multas
539 1566 665 1666 palmas
678 1567 869 1641 inhonestet
888 1568 1043 1667 adeptas,

206 1679 400 1774 Languidus
418 1681 452 1751 in
468 1681 574 1780 pratis
591 1682 737 1775 gramina
754 1681 861 1780 carpit
877 1708 1001 1781 equus:
1191 1716 1218 1754 a·

158 1792 276 1884 Miles,
294 1814 333 1869 ut
348 1795 491 1869 emeritis
510 1825 577 1869 non
593 1815 643 1870 est
663 1797 743 1869 satis
758 1795 851 1869 utilis
869 1795 982 1883 annis,

206 1911 307 1983 Ponit
323 1911 364 1982 ad
382 1910 559 2011 antiquos,
579 1939 651 2011 quae
666 1909 744 1984 tulit
758 1939 866 2000 arma,
888 1913 997 1983 Lares.

158 2025 213 2097 Sic
231 2023 353 2119 igitur,
371 2024 463 2098 tarda
480 2025 565 2098 vires
582 2026 752 2101 minuente
770 2043 917 2112 senecta,

192 2211 229 2244 ιο.
248 2192 320 2242 Rura
334 2199 451 2257 patema.
472 2190 519 2242 Me
542 2181 586 2258 qui
608 2211 667 2244 sum
716 2182 1061 2246 inhoneslandiverbum'vix
1070 2187 1130 2242 alibi
1139 2184 1217 2244 obcur
1237 2180 1240 2189 ¹

158 2265 280 2321 dominus
300 2286 401 2321 eorum.
424 2267 508 2320 Erant
529 2278 617 2321 autern
637 2268 665 2320 in
717 2278 758 2320 rat
770 2268 839 2338 apud
852 2269 994 2333 Nostrum,
1007 2275 1073 2336 puto
1085 2266 1164 2320 etiam
1176 2265 1217 2319 boc

157 2344 285 2415 Pelignis.
716 2344 845 2397 distichon
859 2364 913 2396 esse
928 2344 1018 2410 exiis,
1035 2360 1095 2409 quae
1110 2340 1219 2396 inculca*

192 2426 229 2475 13.
244 2426 322 2491 laque
338 2428 396 2475 siha
413 2424 533 2484 damma,
554 2428 667 2492 carisque
716 2433 780 2475 runt
791 2423 912 2476 homines
922 2421 990 2474 male
1001 2417 1099 2472 feriati.
1111 2419 1148 2473 H.

157 2507 293 2569 nepotibus·
310 2506 443 2555 Sodalibus
461 2504 551 2571 primae
568 2502 665 2556 editio·
751 2520 789 2551 ar.
799 2502 886 2560 Miles,
896 2503 941 2550 ubi
946 2502 1057 2550 emeritis
1064 2518 1115 2550 moa
1121 2500 1220 2551 estuatis

156 2601 205 2635 nes
215 2592 241 2634 et
254 2581 358 2651 plurimi
367 2580 463 2648 scripti.
473 2579 527 2633 Sed
537 2579 666 2632 distichon
714 2582 785 2629 uti'lis
795 2583 880 2629 armis.
893 2579 971 2629 Miles
982 2587 1012 2630 ut
1021 2576 1142 2645 plerique
1154 2585 1220 2628 vete·

158 2658 238 2712 etiam
250 2659 299 2711 hoc
311 2657 353 2710 viu
363 2658 509 2728 genuinum
522 2668 566 2710 est
580 2658 616 2710 H.
717 2674 772 2718 res;
785 2665 812 2707 et
822 2660 898 2707 anais
906 2673 955 2723 pro
965 2660 1060 2707 armis:
1073 2665 1158 2719 recte;
1166 2671 1223 2706 nara

194 2741 386 2805 thasegosic
391 2740 667 2805 anaasponerediffaus
717 2734 742 2790 el
751 2755 823 2788 arma
834 2735 960 2805 sequitur.
973 2734 1091 2788 Martial.
1099 2757 1113 2782 u
1126 2733 1225 2790 Emeri-

156 2835 233 2869 eram.
242 2817 420 2882 Canospoaere
428 2815 504 2884 prim.
515 2824 541 2868 et
550 2814 667 2883 quinque
717 2813 849 2867 tosMusis
858 2811 992 2866 etPhoebo
1001 2810 1110 2865 tradidit
1118 2831 1224 2865 anuos.»

159 2895 209 2946 alii.
220 2894 272 2946 Sed
281 2913 367 2963 neque
377 2895 450 2961 anni,
458 2913 542 2962 neque
552 2893 609 2947 cani
619 2892 668 2946 hoc
718 2893 792 2945 H.-
801 2891 916 2946 Pessime
931 2909 960 2943 ac
974 2889 1118 2943 foedissime
1131 2891 1160 2944 in
1171 2889 1224 2960 qui-

158 2991 236 3026 sensu
248 2973 308 3025 satis
320 2973 400 3026 latine
413 2983 556 3042 ponuntur.
575 2973 668 3039 Quare
717 2972 828 3027 busdam
839 2971 935 3042 legitur
944 2975 1022 3023 armr's
1032 2990 1040 3024 .·
1052 2971 1081 3023 in
1098 2970 1153 3024 aliis
1164 2989 1225 3041 per·

159 3049 261 3118 refingo
277 3069 358 3101 annos
373 3054 478 3103 condere
492 3070 500 3102 .·
516 3050 552 3103 sic
564 3052 671 3102 candere
718 3056 822 3125 spicue,
836 3059 919 3107 anast.
936 3053 1050 3106 Miseret
1061 3071 1106 3106 me
1118 3052 1226 3106 Merula

158 3137 256 3181 eluiem
267 3137 384 3192 veteres,
400 3139 429 3182 ut
440 3139 467 3182 el
480 3131 585 3181 condere
595 3129 669 3178 soles.
718 3152 780 3186 cum
799 3132 851 3185 suis
868 3134 976 3184 emeram
996 3135 1090 3190 afmait,
1114 3148 1172 3200 quae
1188 3128 1226 3182 hic

196 3205 234 3257 ιθ.
251 3206 399 3258 Sarmaticis
416 3212 488 3259 locis.
504 3208 581 3272 Jugis
599 3223 669 3273 qua-
719 3212 790 3265 nulla
802 3220 870 3264 sunt.
891 3210 988 3264 Lucan.
1006 3210 1049 3262 lib.
1067 3210 1097 3278 1,
1111 3231 1146 3264 vs
1165 3211 1227 3281 343,

160 3297 222 3341 tuor
232 3285 291 3338 libri
301 3295 410 3338 veteres.
425 3286 461 3338 H.
718 3309 772 3359 qua
778 3292 851 3341 sedes
860 3293 909 3341 erit
918 3287 1049 3341 emeritis?
1058 3297 1085 3340 et
1093 3287 1176 3340 Tacit.
1182 3284 1226 3339 suh

195 3386 231 3436 ¹7·
244 3367 275 3416 Ia
286 3382 351 3416 cava
362 3365 485 3419 ducuntur
493 3373 541 3417 etc.
554 3362 669 3416 Navium
719 3366 802 3418 tinem
814 3363 872 3417 libri
883 3365 895 3416 l
907 3365 976 3417 Hist.
987 3366 1142 3417 Percennius
1152 3371 1179 3414 ei
1189 3363 1226 3415 Vi·

160 3442 302 3513 exemplo,
322 3460 380 3510 quae
403 3441 481 3511 longa
505 3443 669 3512 navigatione
718 3446 823 3496 balenas
834 3445 954 3494 militibus
967 3459 1042 3508 agros
1054 3443 1165 3494 emeritis
1176 3441 1227 3490 Isr-

89 3523 91 3527 ⁴
159 3522 279 3591 procellis
287 3519 440 3590 agitatae,in
449 3521 583 3574 navalibus
592 3540 671 3590 repo·
716 3526 818 3588 (remur.
836 3547 869 3559 -
886 3521 986 3581 Annas,
1009 3516 1036 3571 id
1051 3529 1106 3585 est,
1125 3525 1228 3588 propter

161 3597 671 3667 nentur,sesenemdicitplacidaquiete
721 3607 893 3654 senectutem.
905 3599 1003 3651 Burrus.
1170 3600 1173 3605 ’

160 3679 201 3730 uti
212 3679 339 3732 debuisse.
751 3697 792 3729 22.
803 3679 925 3729 Poaitad
933 3681 1057 3744 aatt'qrms.
1069 3675 1171 3730 Milites
1179 3675 1229 3728 sin·

196 3777 233 3828 ¹9·
241 3761 280 3812 Ne
288 3760 379 3819 cadat,
389 3766 415 3809 ei
423 3759 622 3822 muliaspalmas
632 3762 671 3810 im·
718 3753 773 3826 guli
788 3753 919 3824 perfuncti
936 3753 1047 3819 militia,
1064 3753 1231 3807 donabantur

160 3837 275 3888 honestet
289 3841 401 3905 adeptas.
420 3835 504 3888 Locus
517 3847 668 3905 corruptus:
721 3835 849 3906 septenis,
862 3834 1011 3903 pluribusve
1025 3832 1231 3901 aliquando,ju·

159 3915 275 3964 ademtos
289 3934 328 3982 pr.
342 3913 418 3968 Polit.
436 3924 461 3967 et
477 3912 670 3981 Rottendorph.
725 3910 1232 3984 geribusterrae,quopossentreliqnum

159 3992 274 4042 ademirus
289 3990 352 4045 alter
366 3992 505 4056 Politiani;
517 3994 617 4060 adeptis
630 4013 670 4061 pr.
722 3992 782 4046 vitae
789 4012 873 4062 agere.
882 3990 1232 4059 solebantautem,quuma

158 4067 245 4122 Vatic.
257 4067 335 4135 alius,
351 4075 457 4138 adeptus
470 4093 478 4124 :
491 4071 573 4126 scribe
587 4075 672 4124 mullis
720 4069 998 4135 militiadiscederent,
1009 4087 1082 4121 arma
1091 4066 1231 4121 alicniDeo

108 4154 121 4180 0
159 4146 411 4216 adaptet,nirnirum
419 4150 518 4220 palmis.
526 4148 580 4206 Sed
589 4160 672 4219 quum
723 4147 883 4218 suspendere
898 4167 905 4204 ε
922 4166 1002 4218 quam
1013 4165 1072 4203 rem
1084 4165 1141 4202 non
1153 4143 1233 4199 ruodo
