<?xml version="1.0" encoding="UTF-8"?>
<!DOCTYPE html PUBLIC "-//W3C//DTD XHTML 1.0 Transitional//EN"
    "http://www.w3.org/TR/xhtml1/DTD/xhtml1-transitional.dtd">
<html xmlns="http://www.w3.org/1999/xhtml" xml:lang="en" lang="en">
 <head>
  <title>
</title>
<meta http-equiv="Content-Type" content="text/html;charset=utf-8" />
  <meta name='ocr-system' content='tesseract 3.04.00' />
  <meta name='ocr-capabilities' content='ocr_page ocr_carea ocr_par ocr_line ocrx_word'/>
</head>
<body>
  <div class='ocr_page' id='page_1' title='image "bibliothecaclas31lemagoog_0061.png"; bbox 0 0 2624 4816; ppageno 0'>
   <div class='ocr_carea' id='block_1_1' title="bbox 79 381 895 629">
    <p class='ocr_par' dir='ltr' id='par_1_1' title="bbox 79 381 895 629">
     <span class='ocr_line' id='line_1_1' title="bbox 111 381 895 469; baseline 0.008 -18"><span class='ocrx_word' id='word_1_1' title='bbox 111 381 157 469; x_wconf 67' lang='lat' dir='ltr'><strong>do</strong></span> <span class='ocrx_word' id='word_1_2' title='bbox 392 388 432 454; x_wconf 87' lang='lat' dir='ltr'><strong>P.</strong></span> <span class='ocrx_word' id='word_1_3' title='bbox 461 387 637 461; x_wconf 88' lang='lat' dir='ltr'>OVIDII</span> <span class='ocrx_word' id='word_1_4' title='bbox 663 384 895 458; x_wconf 80' lang='lat' dir='ltr'><strong>NASONIS</strong></span> 
     </span>
     <span class='ocr_line' id='line_1_2' title="bbox 79 525 891 629; baseline 0.004 -29"><span class='ocrx_word' id='word_1_5' title='bbox 79 567 81 570; x_wconf 44' lang='lat'><em>⁴</em></span> <span class='ocrx_word' id='word_1_6' title='bbox 160 528 212 600; x_wconf 92' lang='lat' dir='ltr'><strong>Re</strong></span> <span class='ocrx_word' id='word_1_7' title='bbox 226 525 288 599; x_wconf 90' lang='lat' dir='ltr'><strong>tibi</strong></span> <span class='ocrx_word' id='word_1_8' title='bbox 305 554 368 628; x_wconf 88' lang='lat' dir='ltr'><strong>pru</strong></span> <span class='ocrx_word' id='word_1_9' title='bbox 383 525 457 615; x_wconf 86' lang='lat' dir='ltr'><strong>vili,</strong></span> <span class='ocrx_word' id='word_1_10' title='bbox 477 529 539 601; x_wconf 91' lang='lat' dir='ltr'><strong>sub</strong></span> <span class='ocrx_word' id='word_1_11' title='bbox 558 528 765 628; x_wconf 85' lang='lat' dir='ltr'><strong>pedibusque</strong></span> <span class='ocrx_word' id='word_1_12' title='bbox 779 529 891 629; x_wconf 80' lang='lat' dir='ltr'><strong>jacet?</strong></span> 
     </span>
    </p>
   </div>
   <div class='ocr_carea' id='block_1_2' title="bbox 56 641 1194 4068">
    <p class='ocr_par' dir='ltr' id='par_1_2' title="bbox 56 641 1194 4068">
     <span class='ocr_line' id='line_1_3' title="bbox 113 641 935 743; baseline 0.001 -26"><span class='ocrx_word' id='word_1_13' title='bbox 113 642 207 743; x_wconf 90' lang='lat' dir='ltr'><strong>Quid</strong></span> <span class='ocrx_word' id='word_1_14' title='bbox 224 641 306 730; x_wconf 83' lang='lat' dir='ltr'><strong>fuit,</strong></span> <span class='ocrx_word' id='word_1_15' title='bbox 326 641 452 738; x_wconf 79' lang='lat' dir='ltr'><strong>ingenti</strong></span> <span class='ocrx_word' id='word_1_16' title='bbox 468 661 669 743; x_wconf 88' lang='lat' dir='ltr'><strong>prostratum</strong></span> <span class='ocrx_word' id='word_1_17' title='bbox 686 644 773 718; x_wconf 93' lang='lat' dir='ltr'><strong>mole</strong></span> <span class='ocrx_word' id='word_1_18' title='bbox 788 644 935 720; x_wconf 88' lang='lat' dir='ltr'><strong>sodalem</strong></span> 
     </span>
     <span class='ocr_line' id='line_1_4' title="bbox 161 754 840 863; baseline 0.004 -31"><span class='ocrx_word' id='word_1_19' title='bbox 161 760 297 850; x_wconf 85' lang='lat' dir='ltr'><strong>Visere,</strong></span> <span class='ocrx_word' id='word_1_20' title='bbox 315 779 348 834; x_wconf 94' lang='lat' dir='ltr'><strong>et</strong></span> <span class='ocrx_word' id='word_1_21' title='bbox 364 759 512 862; x_wconf 82' lang='lat' dir='ltr'><strong>adloquii</strong></span> <span class='ocrx_word' id='word_1_22' title='bbox 529 780 625 863; x_wconf 88' lang='lat' dir='ltr'><strong>parte</strong></span> <span class='ocrx_word' id='word_1_23' title='bbox 639 754 745 835; x_wconf 81' lang='lat' dir='ltr'><strong>levare</strong></span> <span class='ocrx_word' id='word_1_24' title='bbox 764 760 840 835; x_wconf 83' lang='lat' dir='ltr'><strong>tui?</strong></span> 
     </span>
     <span class='ocr_line' id='line_1_5' title="bbox 112 845 959 978; baseline 0 -26"><span class='ocrx_word' id='word_1_25' title='bbox 112 878 219 978; x_wconf 89' lang='lat' dir='ltr'><strong>Inque</strong></span> <span class='ocrx_word' id='word_1_26' title='bbox 238 845 329 952; x_wconf 67' lang='lat' dir='ltr'><strong>mins</strong></span> <span class='ocrx_word' id='word_1_27' title='bbox 343 878 371 951; x_wconf 92' lang='lat' dir='ltr'><strong>si</strong></span> <span class='ocrx_word' id='word_1_28' title='bbox 388 906 456 951; x_wconf 92' lang='lat' dir='ltr'><strong>uon</strong></span> <span class='ocrx_word' id='word_1_29' title='bbox 471 876 645 978; x_wconf 83' lang='lat' dir='ltr'><strong>lacrymam</strong></span> <span class='ocrx_word' id='word_1_30' title='bbox 663 877 827 952; x_wconf 77' lang='lat' dir='ltr'><strong>dimittere</strong></span> <span class='ocrx_word' id='word_1_31' title='bbox 845 905 959 966; x_wconf 90' lang='lat' dir='ltr'><strong>casus,</strong></span> 
     </span>
     <span class='ocr_line' id='line_1_6' title="bbox 162 992 884 1093; baseline 0.001 -27"><span class='ocrx_word' id='word_1_32' title='bbox 162 994 272 1067; x_wconf 88' lang='lat' dir='ltr'><strong>Pauca</strong></span> <span class='ocrx_word' id='word_1_33' title='bbox 290 1011 399 1067; x_wconf 89' lang='lat' dir='ltr'><strong>tamen</strong></span> <span class='ocrx_word' id='word_1_34' title='bbox 415 993 494 1068; x_wconf 86' lang='lat' dir='ltr'><strong>licto</strong></span> <span class='ocrx_word' id='word_1_35' title='bbox 511 994 610 1069; x_wconf 88' lang='lat' dir='ltr'><strong>verba</strong></span> <span class='ocrx_word' id='word_1_36' title='bbox 627 992 743 1067; x_wconf 91' lang='lat' dir='ltr'><strong>dolore</strong></span> <span class='ocrx_word' id='word_1_37' title='bbox 763 992 884 1093; x_wconf 81' lang='lat' dir='ltr'><strong>queri?</strong></span> 
     </span>
     <span class='ocr_line' id='line_1_7' title="bbox 115 1108 979 1210; baseline 0.003 -28"><span class='ocrx_word' id='word_1_38' title='bbox 115 1109 241 1210; x_wconf 87' lang='lat' dir='ltr'><strong>quue,</strong></span> <span class='ocrx_word' id='word_1_39' title='bbox 260 1111 351 1210; x_wconf 91' lang='lat' dir='ltr'><strong>quod</strong></span> <span class='ocrx_word' id='word_1_40' title='bbox 369 1111 475 1207; x_wconf 92' lang='lat' dir='ltr'><strong>ignoti</strong></span> <span class='ocrx_word' id='word_1_41' title='bbox 492 1111 633 1200; x_wconf 86' lang='lat' dir='ltr'><strong>faciunt,</strong></span> <span class='ocrx_word' id='word_1_42' title='bbox 651 1108 829 1185; x_wconf 86' lang='lat' dir='ltr'><strong>valedicere</strong></span> <span class='ocrx_word' id='word_1_43' title='bbox 846 1109 979 1201; x_wconf 88' lang='lat' dir='ltr'><strong>saltem,</strong></span> 
     </span>
     <span class='ocr_line' id='line_1_8' title="bbox 163 1227 903 1331; baseline 0.001 -31"><span class='ocrx_word' id='word_1_44' title='bbox 163 1229 211 1300; x_wconf 85' lang='lat' dir='ltr'><strong>Et</strong></span> <span class='ocrx_word' id='word_1_45' title='bbox 227 1254 340 1302; x_wconf 86' lang='lat' dir='ltr'><strong>vocem</strong></span> <span class='ocrx_word' id='word_1_46' title='bbox 357 1227 474 1331; x_wconf 90' lang='lat' dir='ltr'><strong>populi</strong></span> <span class='ocrx_word' id='word_1_47' title='bbox 491 1227 692 1329; x_wconf 91' lang='lat' dir='ltr'><strong>publicaque</strong></span> <span class='ocrx_word' id='word_1_48' title='bbox 709 1257 766 1303; x_wconf 93' lang='lat' dir='ltr'><strong>ora</strong></span> <span class='ocrx_word' id='word_1_49' title='bbox 784 1228 903 1328; x_wconf 83' lang='lat' dir='ltr'><strong>sequi?</strong></span> 
     </span>
     <span class='ocr_line' id='line_1_9' title="bbox 113 1340 1027 1442; baseline 0.001 -28"><span class='ocrx_word' id='word_1_50' title='bbox 113 1340 266 1442; x_wconf 90' lang='lat' dir='ltr'><strong>Denique</strong></span> <span class='ocrx_word' id='word_1_51' title='bbox 285 1341 444 1439; x_wconf 81' lang='lat' dir='ltr'><strong>lugubres</strong></span> <span class='ocrx_word' id='word_1_52' title='bbox 461 1341 594 1429; x_wconf 83' lang='lat' dir='ltr'><strong>vultus,</strong></span> <span class='ocrx_word' id='word_1_53' title='bbox 613 1368 850 1442; x_wconf 85' lang='lat' dir='ltr'><strong>nunquamque</strong></span> <span class='ocrx_word' id='word_1_54' title='bbox 868 1340 1027 1416; x_wconf 82' lang='lat' dir='ltr'><strong>videndos</strong></span> 
     </span>
     <span class='ocr_line' id='line_1_10' title="bbox 165 1454 984 1560; baseline -0.002 -30"><span class='ocrx_word' id='word_1_55' title='bbox 165 1457 307 1532; x_wconf 82' lang='lat' dir='ltr'><strong>Cernere</strong></span> <span class='ocrx_word' id='word_1_56' title='bbox 326 1486 500 1560; x_wconf 88' lang='lat' dir='ltr'><strong>supremo,</strong></span> <span class='ocrx_word' id='word_1_57' title='bbox 521 1457 599 1530; x_wconf 89' lang='lat' dir='ltr'><strong>dum</strong></span> <span class='ocrx_word' id='word_1_58' title='bbox 617 1455 797 1555; x_wconf 84' lang='lat' dir='ltr'><strong>licuitque,</strong></span> <span class='ocrx_word' id='word_1_59' title='bbox 817 1454 897 1528; x_wconf 83' lang='lat' dir='ltr'><strong>die?</strong></span> <span class='ocrx_word' id='word_1_60' title='bbox 976 1511 984 1538; x_wconf 75' lang='lat'><strong>,</strong></span> 
     </span>
     <span class='ocr_line' id='line_1_11' title="bbox 115 1566 907 1674; baseline -0.005 -29"><span class='ocrx_word' id='word_1_61' title='bbox 115 1570 369 1674; x_wconf 87' lang='lat' dir='ltr'><strong>Dicendumque</strong></span> <span class='ocrx_word' id='word_1_62' title='bbox 390 1569 488 1645; x_wconf 90' lang='lat' dir='ltr'><strong>semel</strong></span> <span class='ocrx_word' id='word_1_63' title='bbox 505 1588 576 1645; x_wconf 90' lang='lat' dir='ltr'><strong>toto</strong></span> <span class='ocrx_word' id='word_1_64' title='bbox 594 1599 662 1643; x_wconf 92' lang='lat' dir='ltr'><strong>non</strong></span> <span class='ocrx_word' id='word_1_65' title='bbox 678 1566 822 1669; x_wconf 84' lang='lat' dir='ltr'><strong>amplius</strong></span> <span class='ocrx_word' id='word_1_66' title='bbox 839 1596 907 1641; x_wconf 84' lang='lat' dir='ltr'><strong>avo</strong></span> 
     </span>
     <span class='ocr_line' id='line_1_12' title="bbox 163 1681 897 1789; baseline -0.01 -26"><span class='ocrx_word' id='word_1_67' title='bbox 163 1691 344 1789; x_wconf 83' lang='lat' dir='ltr'><strong>Accipere,</strong></span> <span class='ocrx_word' id='word_1_68' title='bbox 364 1704 396 1761; x_wconf 87' lang='lat' dir='ltr'><strong>et</strong></span> <span class='ocrx_word' id='word_1_69' title='bbox 413 1686 509 1786; x_wconf 90' lang='lat' dir='ltr'><strong>parili</strong></span> <span class='ocrx_word' id='word_1_70' title='bbox 526 1685 664 1761; x_wconf 88' lang='lat' dir='ltr'><strong>reddere</strong></span> <span class='ocrx_word' id='word_1_71' title='bbox 681 1711 780 1772; x_wconf 83' lang='lat' dir='ltr'><strong>voce,</strong></span> <span class='ocrx_word' id='word_1_72' title='bbox 800 1681 897 1757; x_wconf 79' lang='lat' dir='ltr'><strong>vale?</strong></span> 
     </span>
     <span class='ocr_line' id='line_1_13' title="bbox 114 1799 845 1902; baseline -0.014 -21"><span class='ocrx_word' id='word_1_73' title='bbox 114 1808 162 1881; x_wconf 84' lang='lat' dir='ltr'><strong>At</strong></span> <span class='ocrx_word' id='word_1_74' title='bbox 178 1806 284 1879; x_wconf 86' lang='lat' dir='ltr'><strong>fecere</strong></span> <span class='ocrx_word' id='word_1_75' title='bbox 300 1803 355 1877; x_wconf 89' lang='lat' dir='ltr'><strong>alii</strong></span> <span class='ocrx_word' id='word_1_76' title='bbox 372 1801 465 1877; x_wconf 91' lang='lat' dir='ltr'><strong>nullo</strong></span> <span class='ocrx_word' id='word_1_77' title='bbox 483 1803 565 1876; x_wconf 90' lang='lat' dir='ltr'><strong>mihi</strong></span> <span class='ocrx_word' id='word_1_78' title='bbox 581 1802 702 1877; x_wconf 87' lang='lat' dir='ltr'><strong>foedere</strong></span> <span class='ocrx_word' id='word_1_79' title='bbox 719 1799 845 1902; x_wconf 86' lang='lat' dir='ltr'><strong>juncti,</strong></span> 
     </span>
     <span class='ocr_line' id='line_1_14' title="bbox 164 1918 834 2022; baseline -0.007 -27"><span class='ocrx_word' id='word_1_80' title='bbox 164 1924 211 1995; x_wconf 85' lang='lat' dir='ltr'><strong>Et</strong></span> <span class='ocrx_word' id='word_1_81' title='bbox 226 1921 387 2022; x_wconf 84' lang='lat' dir='ltr'><strong>lacrymas</strong></span> <span class='ocrx_word' id='word_1_82' title='bbox 404 1920 504 2009; x_wconf 87' lang='lat' dir='ltr'><strong>animi</strong></span> <span class='ocrx_word' id='word_1_83' title='bbox 524 1921 618 2016; x_wconf 89' lang='lat' dir='ltr'><strong>signa</strong></span> <span class='ocrx_word' id='word_1_84' title='bbox 637 1919 754 1993; x_wconf 90' lang='lat' dir='ltr'><strong>dedere</strong></span> <span class='ocrx_word' id='word_1_85' title='bbox 772 1918 834 1992; x_wconf 90' lang='lat' dir='ltr'><strong>sui.</strong></span> 
     </span>
     <span class='ocr_line' id='line_1_15' title="bbox 117 2028 992 2135; baseline -0.003 -27"><span class='ocrx_word' id='word_1_86' title='bbox 117 2035 234 2132; x_wconf 84' lang='lat' dir='ltr'><strong>Quid?</strong></span> <span class='ocrx_word' id='word_1_87' title='bbox 249 2035 313 2108; x_wconf 90' lang='lat' dir='ltr'><strong>nisi</strong></span> <span class='ocrx_word' id='word_1_88' title='bbox 331 2035 483 2108; x_wconf 83' lang='lat' dir='ltr'><strong>convictu</strong></span> <span class='ocrx_word' id='word_1_89' title='bbox 499 2035 672 2135; x_wconf 88' lang='lat' dir='ltr'><strong>causisque</strong></span> <span class='ocrx_word' id='word_1_90' title='bbox 688 2028 873 2110; x_wconf 89' lang='lat' dir='ltr'><strong>valentibus</strong></span> <span class='ocrx_word' id='word_1_91' title='bbox 888 2059 992 2106; x_wconf 90' lang='lat' dir='ltr'><strong>essem</strong></span> 
     </span>
     <span class='ocr_line' id='line_1_16' title="bbox 167 2149 881 2252; baseline -0.003 -29"><span class='ocrx_word' id='word_1_92' title='bbox 167 2150 342 2252; x_wconf 86' lang='lat' dir='ltr'><strong>Temporis</strong></span> <span class='ocrx_word' id='word_1_93' title='bbox 359 2169 391 2226; x_wconf 93' lang='lat' dir='ltr'><strong>et</strong></span> <span class='ocrx_word' id='word_1_94' title='bbox 408 2151 501 2247; x_wconf 91' lang='lat' dir='ltr'><strong>longi</strong></span> <span class='ocrx_word' id='word_1_95' title='bbox 518 2152 648 2251; x_wconf 83' lang='lat' dir='ltr'><strong>rinctus</strong></span> <span class='ocrx_word' id='word_1_96' title='bbox 664 2178 776 2225; x_wconf 89' lang='lat' dir='ltr'><strong>amore</strong></span> <span class='ocrx_word' id='word_1_97' title='bbox 793 2149 881 2222; x_wconf 83' lang='lat' dir='ltr'><strong>tibi?</strong></span> 
     </span>
     <span class='ocr_line' id='line_1_17' title="bbox 118 2266 1045 2371; baseline 0.001 -31"><span class='ocrx_word' id='word_1_98' title='bbox 118 2266 238 2364; x_wconf 85' lang='lat' dir='ltr'><strong>Quid?</strong></span> <span class='ocrx_word' id='word_1_99' title='bbox 253 2268 318 2341; x_wconf 90' lang='lat' dir='ltr'><strong>nisi</strong></span> <span class='ocrx_word' id='word_1_100' title='bbox 337 2286 389 2342; x_wconf 88' lang='lat' dir='ltr'><strong>tot</strong></span> <span class='ocrx_word' id='word_1_101' title='bbox 405 2268 498 2343; x_wconf 90' lang='lat' dir='ltr'><strong>lusus</strong></span> <span class='ocrx_word' id='word_1_102' title='bbox 515 2285 548 2343; x_wconf 90' lang='lat' dir='ltr'><strong>et</strong></span> <span class='ocrx_word' id='word_1_103' title='bbox 564 2286 616 2341; x_wconf 89' lang='lat' dir='ltr'><strong>tot</strong></span> <span class='ocrx_word' id='word_1_104' title='bbox 632 2297 703 2341; x_wconf 85' lang='lat' dir='ltr'><strong>mea</strong></span> <span class='ocrx_word' id='word_1_105' title='bbox 720 2266 803 2342; x_wconf 92' lang='lat' dir='ltr'><strong>seria</strong></span> <span class='ocrx_word' id='word_1_106' title='bbox 819 2295 955 2354; x_wconf 91' lang='lat' dir='ltr'><strong>nosses,</strong></span> <span class='ocrx_word' id='word_1_107' title='bbox 1041 2366 1045 2371; x_wconf 28' lang='grc'><strong>,</strong></span> 
     </span>
     <span class='ocr_line' id='line_1_18' title="bbox 166 2383 850 2486; baseline -0.006 -26"><span class='ocrx_word' id='word_1_108' title='bbox 166 2388 235 2460; x_wconf 82' lang='grc' dir='ltr'><strong>Τοῑ</strong></span> <span class='ocrx_word' id='word_1_109' title='bbox 251 2417 383 2462; x_wconf 89' lang='lat' dir='ltr'><strong>nossem</strong></span> <span class='ocrx_word' id='word_1_110' title='bbox 401 2387 494 2460; x_wconf 89' lang='lat' dir='ltr'><strong>lusus</strong></span> <span class='ocrx_word' id='word_1_111' title='bbox 511 2386 663 2486; x_wconf 90' lang='lat' dir='ltr'><strong>seriaque</strong></span> <span class='ocrx_word' id='word_1_112' title='bbox 679 2383 751 2485; x_wconf 92' lang='lat' dir='ltr'><strong>ipse</strong></span> <span class='ocrx_word' id='word_1_113' title='bbox 767 2385 850 2458; x_wconf 82' lang='lat' dir='ltr'><strong>tua?</strong></span> 
     </span>
     <span class='ocr_line' id='line_1_19' title="bbox 118 2500 986 2600; baseline -0.003 -23"><span class='ocrx_word' id='word_1_114' title='bbox 118 2503 237 2600; x_wconf 81' lang='lat' dir='ltr'><strong>Quid?</strong></span> <span class='ocrx_word' id='word_1_115' title='bbox 254 2504 282 2578; x_wconf 88' lang='lat' dir='ltr'><strong>si</strong></span> <span class='ocrx_word' id='word_1_116' title='bbox 301 2505 460 2578; x_wconf 82' lang='lat' dir='ltr'><strong>duntaxat</strong></span> <span class='ocrx_word' id='word_1_117' title='bbox 476 2506 591 2578; x_wconf 87' lang='lat' dir='ltr'><strong>Romae</strong></span> <span class='ocrx_word' id='word_1_118' title='bbox 609 2500 691 2575; x_wconf 91' lang='lat' dir='ltr'><strong>mihi</strong></span> <span class='ocrx_word' id='word_1_119' title='bbox 709 2501 864 2596; x_wconf 90' lang='lat' dir='ltr'><strong>cognitus</strong></span> <span class='ocrx_word' id='word_1_120' title='bbox 879 2527 986 2588; x_wconf 89' lang='lat' dir='ltr'><strong>esses,</strong></span> 
     </span>
     <span class='ocr_line' id='line_1_20' title="bbox 168 2613 925 2714; baseline -0.007 -23"><span class='ocrx_word' id='word_1_121' title='bbox 168 2617 328 2692; x_wconf 89' lang='lat' dir='ltr'><strong>Adscitus</strong></span> <span class='ocrx_word' id='word_1_122' title='bbox 346 2619 444 2692; x_wconf 90' lang='lat' dir='ltr'><strong>toties</strong></span> <span class='ocrx_word' id='word_1_123' title='bbox 460 2619 497 2690; x_wconf 91' lang='lat' dir='ltr'><strong>iu</strong></span> <span class='ocrx_word' id='word_1_124' title='bbox 514 2646 619 2714; x_wconf 91' lang='lat' dir='ltr'><strong>genus</strong></span> <span class='ocrx_word' id='word_1_125' title='bbox 635 2642 733 2688; x_wconf 93' lang='lat' dir='ltr'><strong>omne</strong></span> <span class='ocrx_word' id='word_1_126' title='bbox 749 2613 841 2687; x_wconf 78' lang='lat' dir='ltr'><strong>loci?</strong></span> <span class='ocrx_word' id='word_1_127' title='bbox 921 2686 925 2692; x_wconf 82' lang='grc'><strong><em>,</em></strong></span> 
     </span>
     <span class='ocr_line' id='line_1_21' title="bbox 121 2731 963 2837; baseline -0.004 -30"><span class='ocrx_word' id='word_1_128' title='bbox 121 2734 291 2808; x_wconf 88' lang='lat' dir='ltr'><strong>Cunctane</strong></span> <span class='ocrx_word' id='word_1_129' title='bbox 306 2736 341 2807; x_wconf 93' lang='lat' dir='ltr'><strong>in</strong></span> <span class='ocrx_word' id='word_1_130' title='bbox 358 2763 529 2837; x_wconf 85' lang='lat' dir='ltr'><strong>aequoreos</strong></span> <span class='ocrx_word' id='word_1_131' title='bbox 546 2733 699 2808; x_wconf 83' lang='lat' dir='ltr'><strong>abierunt</strong></span> <span class='ocrx_word' id='word_1_132' title='bbox 715 2732 807 2805; x_wconf 90' lang='lat' dir='ltr'><strong>irrita</strong></span> <span class='ocrx_word' id='word_1_133' title='bbox 822 2731 963 2804; x_wconf 82' lang='lat' dir='ltr'><strong>ventos?</strong></span> 
     </span>
     <span class='ocr_line' id='line_1_22' title="bbox 171 2841 929 2947; baseline -0.005 -24"><span class='ocrx_word' id='word_1_134' title='bbox 171 2852 341 2924; x_wconf 86' lang='lat' dir='ltr'><strong>Cunctanc</strong></span> <span class='ocrx_word' id='word_1_135' title='bbox 355 2853 497 2927; x_wconf 88' lang='lat' dir='ltr'><strong>Lethaeis</strong></span> <span class='ocrx_word' id='word_1_136' title='bbox 513 2841 617 2926; x_wconf 90' lang='lat' dir='ltr'><strong>mersa</strong></span> <span class='ocrx_word' id='word_1_137' title='bbox 634 2849 787 2926; x_wconf 80' lang='lat' dir='ltr'><strong>feruntur</strong></span> <span class='ocrx_word' id='word_1_138' title='bbox 805 2846 929 2947; x_wconf 81' lang='lat' dir='ltr'><strong>aquis?</strong></span> 
     </span>
     <span class='ocr_line' id='line_1_23' title="bbox 120 2960 1002 3063; baseline -0.003 -28"><span class='ocrx_word' id='word_1_139' title='bbox 120 2964 199 3035; x_wconf 88' lang='lat' dir='ltr'><strong>Non</strong></span> <span class='ocrx_word' id='word_1_140' title='bbox 217 2992 278 3058; x_wconf 89' lang='lat' dir='ltr'><strong>ego</strong></span> <span class='ocrx_word' id='word_1_141' title='bbox 297 2981 329 3035; x_wconf 90' lang='lat' dir='ltr'><strong>te</strong></span> <span class='ocrx_word' id='word_1_142' title='bbox 346 2963 474 3063; x_wconf 91' lang='lat' dir='ltr'><strong>placida</strong></span> <span class='ocrx_word' id='word_1_143' title='bbox 491 2965 638 3060; x_wconf 83' lang='lat' dir='ltr'><strong>genitum</strong></span> <span class='ocrx_word' id='word_1_144' title='bbox 655 2993 732 3041; x_wconf 91' lang='lat' dir='ltr'><strong>reor</strong></span> <span class='ocrx_word' id='word_1_145' title='bbox 748 2963 831 3037; x_wconf 92' lang='lat' dir='ltr'><strong>urbe</strong></span> <span class='ocrx_word' id='word_1_146' title='bbox 846 2960 1002 3058; x_wconf 83' lang='lat' dir='ltr'><strong>Quirini,</strong></span> 
     </span>
     <span class='ocr_line' id='line_1_24' title="bbox 120 3132 1191 3202; baseline -0.001 -15"><span class='ocrx_word' id='word_1_147' title='bbox 120 3154 134 3179; x_wconf 75' lang='lat' dir='ltr'><strong>a</strong></span> <span class='ocrx_word' id='word_1_148' title='bbox 143 3132 477 3202; x_wconf 78' lang='lat' dir='ltr'><strong>llludamicitiaequondam</strong></span> <span class='ocrx_word' id='word_1_149' title='bbox 483 3135 632 3189; x_wconf 79' lang='lat' dir='ltr'><strong>venerabile</strong></span> <span class='ocrx_word' id='word_1_150' title='bbox 681 3137 750 3190; x_wconf 82' lang='lat' dir='ltr'><strong>salve</strong></span> <span class='ocrx_word' id='word_1_151' title='bbox 762 3145 788 3189; x_wconf 88' lang='lat' dir='ltr'><strong>et</strong></span> <span class='ocrx_word' id='word_1_152' title='bbox 799 3134 855 3188; x_wconf 76' lang='lat' dir='ltr'><strong>vale</strong></span> <span class='ocrx_word' id='word_1_153' title='bbox 863 3133 1035 3188; x_wconf 84' lang='lat' dir='ltr'><strong>conclamare.</strong></span> <span class='ocrx_word' id='word_1_154' title='bbox 1047 3132 1191 3187; x_wconf 67' lang='lat' dir='ltr'><strong>Russus.-</strong></span> 
     </span>
     <span class='ocr_line' id='line_1_25' title="bbox 121 3211 1191 3282; baseline -0.001 -18"><span class='ocrx_word' id='word_1_155' title='bbox 121 3229 224 3264; x_wconf 89' lang='lat' dir='ltr'><strong>numen</strong></span> <span class='ocrx_word' id='word_1_156' title='bbox 238 3211 359 3275; x_wconf 89' lang='lat' dir='ltr'><strong>Prostat,</strong></span> <span class='ocrx_word' id='word_1_157' title='bbox 377 3222 405 3263; x_wconf 88' lang='lat' dir='ltr'><strong>et</strong></span> <span class='ocrx_word' id='word_1_158' title='bbox 415 3211 441 3264; x_wconf 91' lang='lat' dir='ltr'><strong>in</strong></span> <span class='ocrx_word' id='word_1_159' title='bbox 456 3223 555 3280; x_wconf 82' lang='lat' dir='ltr'><strong>quaestu</strong></span> <span class='ocrx_word' id='word_1_160' title='bbox 565 3251 573 3277; x_wconf 95' lang='lat'><strong>,</strong></span> <span class='ocrx_word' id='word_1_161' title='bbox 584 3230 633 3280; x_wconf 86' lang='lat' dir='ltr'><strong>pro</strong></span> <span class='ocrx_word' id='word_1_162' title='bbox 681 3215 836 3282; x_wconf 70' lang='lat' dir='ltr'><strong>publicaque</strong></span> <span class='ocrx_word' id='word_1_163' title='bbox 843 3231 900 3275; x_wconf 83' lang='lat' dir='ltr'><strong>ora,</strong></span> <span class='ocrx_word' id='word_1_164' title='bbox 914 3231 1049 3266; x_wconf 83' lang='lat' dir='ltr'><strong>sermones</strong></span> <span class='ocrx_word' id='word_1_165' title='bbox 1061 3211 1191 3266; x_wconf 88' lang='lat' dir='ltr'><strong>omniurn.</strong></span> 
     </span>
     <span class='ocr_line' id='line_1_26' title="bbox 121 3288 1193 3359; baseline 0.002 -17"><span class='ocrx_word' id='word_1_166' title='bbox 121 3289 272 3353; x_wconf 86' lang='lat' dir='ltr'><strong>meretrice,</strong></span> <span class='ocrx_word' id='word_1_167' title='bbox 284 3288 372 3350; x_wconf 83' lang='lat' dir='ltr'><strong>sedet;</strong></span> <span class='ocrx_word' id='word_1_168' title='bbox 387 3310 400 3334; x_wconf 79' lang='lat' dir='ltr'><strong>u</strong></span> <span class='ocrx_word' id='word_1_169' title='bbox 413 3289 450 3342; x_wconf 86' lang='lat' dir='ltr'><strong>sic</strong></span> <span class='ocrx_word' id='word_1_170' title='bbox 462 3300 489 3342; x_wconf 85' lang='lat' dir='ltr'><strong>et</strong></span> <span class='ocrx_word' id='word_1_171' title='bbox 500 3289 536 3341; x_wconf 89' lang='lat' dir='ltr'><strong>ibi</strong></span> <span class='ocrx_word' id='word_1_172' title='bbox 547 3298 634 3342; x_wconf 76' lang='lat' dir='ltr'><strong>veter·</strong></span> <span class='ocrx_word' id='word_1_173' title='bbox 714 3293 756 3344; x_wconf 81' lang='lat'><strong>30.</strong></span> <span class='ocrx_word' id='word_1_174' title='bbox 767 3293 877 3343; x_wconf 78' lang='lat' dir='ltr'><strong>Juactus</strong></span> <span class='ocrx_word' id='word_1_175' title='bbox 886 3310 977 3349; x_wconf 72' lang='lat' dir='ltr'><strong>amore.</strong></span> <span class='ocrx_word' id='word_1_176' title='bbox 990 3289 1064 3342; x_wconf 91' lang='lat' dir='ltr'><strong>Bene</strong></span> <span class='ocrx_word' id='word_1_177' title='bbox 1076 3300 1130 3359; x_wconf 86' lang='lat' dir='ltr'><strong>opt.</strong></span> <span class='ocrx_word' id='word_1_178' title='bbox 1139 3290 1193 3344; x_wconf 79' lang='lat' dir='ltr'><strong>Pe-</strong></span> 
     </span>
     <span class='ocr_line' id='line_1_27' title="bbox 56 3367 1190 3435; baseline -0.003 -11"><span class='ocrx_word' id='word_1_179' title='bbox 56 3404 58 3409; x_wconf 95' lang='lat'>·</span> <span class='ocrx_word' id='word_1_180' title='bbox 121 3371 205 3435; x_wconf 83' lang='lat' dir='ltr'><strong>rimus</strong></span> <span class='ocrx_word' id='word_1_181' title='bbox 216 3369 297 3421; x_wconf 82' lang='lat' dir='ltr'><strong>codex</strong></span> <span class='ocrx_word' id='word_1_182' title='bbox 309 3367 486 3422; x_wconf 81' lang='lat' dir='ltr'><strong>Sarravianus.</strong></span> <span class='ocrx_word' id='word_1_183' title='bbox 501 3369 600 3422; x_wconf 77' lang='lat' dir='ltr'><strong>Huius.</strong></span> <span class='ocrx_word' id='word_1_184' title='bbox 681 3371 724 3425; x_wconf 80' lang='lat' dir='ltr'><strong>lait.</strong></span> <span class='ocrx_word' id='word_1_185' title='bbox 734 3381 760 3424; x_wconf 88' lang='lat' dir='ltr'><strong>et</strong></span> <span class='ocrx_word' id='word_1_186' title='bbox 769 3368 981 3425; x_wconf 81' lang='lat' dir='ltr'><strong>unusllledicens</strong></span> <span class='ocrx_word' id='word_1_187' title='bbox 989 3374 1089 3421; x_wconf 70' lang='lat' dir='ltr'><strong>vinctus</strong></span> <span class='ocrx_word' id='word_1_188' title='bbox 1098 3386 1190 3430; x_wconf 84' lang='lat' dir='ltr'><strong>amore,</strong></span> 
     </span>
     <span class='ocr_line' id='line_1_28' title="bbox 156 3447 1193 3519; baseline -0.001 -18"><span class='ocrx_word' id='word_1_189' title='bbox 156 3469 194 3519; x_wconf 85' lang='lat'><strong>17.</strong></span> <span class='ocrx_word' id='word_1_190' title='bbox 204 3450 539 3516; x_wconf 70' lang='lat' dir='ltr'><strong>lngeaa&#39;moleprostratum.</strong></span> <span class='ocrx_word' id='word_1_191' title='bbox 547 3448 634 3501; x_wconf 84' lang='lat' dir='ltr'><strong>AEru-</strong></span> <span class='ocrx_word' id='word_1_192' title='bbox 680 3469 744 3505; x_wconf 85' lang='lat' dir='ltr'><strong>nam</strong></span> <span class='ocrx_word' id='word_1_193' title='bbox 750 3449 849 3518; x_wconf 73' lang='lat' dir='ltr'><strong>sedere</strong></span> <span class='ocrx_word' id='word_1_194' title='bbox 857 3449 947 3518; x_wconf 68' lang='lat' dir='ltr'><strong>suncti</strong></span> <span class='ocrx_word' id='word_1_195' title='bbox 954 3447 1032 3516; x_wconf 88' lang='lat' dir='ltr'><strong>paulo</strong></span> <span class='ocrx_word' id='word_1_196' title='bbox 1047 3456 1107 3500; x_wconf 85' lang='lat' dir='ltr'><strong>ante</strong></span> <span class='ocrx_word' id='word_1_197' title='bbox 1124 3465 1193 3517; x_wconf 74' lang='lat' dir='ltr'><strong>pre-</strong></span> 
     </span>
     <span class='ocr_line' id='line_1_29' title="bbox 121 3527 915 3598; baseline -0.004 -15"><span class='ocrx_word' id='word_1_198' title='bbox 121 3530 191 3583; x_wconf 89' lang='lat' dir='ltr'><strong>mnis</strong></span> <span class='ocrx_word' id='word_1_199' title='bbox 214 3547 374 3598; x_wconf 81' lang='lat' dir='ltr'><strong>oppressum.</strong></span> <span class='ocrx_word' id='word_1_200' title='bbox 399 3527 561 3581; x_wconf 77' lang='lat' dir='ltr'><strong>calamitatis</strong></span> <span class='ocrx_word' id='word_1_201' title='bbox 580 3545 633 3582; x_wconf 66' lang='lat' dir='ltr'><strong>sue</strong></span> <span class='ocrx_word' id='word_1_202' title='bbox 680 3540 801 3584; x_wconf 84' lang='lat' dir='ltr'><strong>cesserat.</strong></span> <span class='ocrx_word' id='word_1_203' title='bbox 814 3529 915 3582; x_wconf 70' lang='lat' dir='ltr'><strong>Herus,</strong></span> 
     </span>
     <span class='ocr_line' id='line_1_30' title="bbox 122 3602 1194 3678; baseline -0.005 -17"><span class='ocrx_word' id='word_1_204' title='bbox 122 3606 335 3678; x_wconf 80' lang='lat' dir='ltr'><strong>magnitudinem</strong></span> <span class='ocrx_word' id='word_1_205' title='bbox 344 3615 419 3659; x_wconf 83' lang='lat' dir='ltr'><strong>vocat</strong></span> <span class='ocrx_word' id='word_1_206' title='bbox 430 3606 567 3676; x_wconf 77' lang='lat' dir='ltr'><strong>ingentem</strong></span> <span class='ocrx_word' id='word_1_207' title='bbox 577 3627 634 3660; x_wconf 86' lang='lat' dir='ltr'><strong>mo-</strong></span> <span class='ocrx_word' id='word_1_208' title='bbox 715 3609 755 3672; x_wconf 75' lang='lat'><strong>34.</strong></span> <span class='ocrx_word' id='word_1_209' title='bbox 771 3602 897 3660; x_wconf 69' lang='lat' dir='ltr'><strong>trdscnus</strong></span> <span class='ocrx_word' id='word_1_210' title='bbox 909 3609 984 3657; x_wconf 67' lang='lat' dir='ltr'><strong>toties</strong></span> <span class='ocrx_word' id='word_1_211' title='bbox 993 3607 1020 3655; x_wconf 80' lang='lat' dir='ltr'><strong>t&#39;n</strong></span> <span class='ocrx_word' id='word_1_212' title='bbox 1030 3622 1111 3670; x_wconf 75' lang='lat' dir='ltr'><strong>genus</strong></span> <span class='ocrx_word' id='word_1_213' title='bbox 1121 3622 1194 3656; x_wconf 79' lang='lat' dir='ltr'><strong>omne</strong></span> 
     </span>
     <span class='ocr_line' id='line_1_31' title="bbox 121 3681 1192 3755; baseline -0.004 -17"><span class='ocrx_word' id='word_1_214' title='bbox 121 3684 189 3751; x_wconf 88' lang='lat' dir='ltr'><strong>lem,</strong></span> <span class='ocrx_word' id='word_1_215' title='bbox 200 3705 288 3755; x_wconf 88' lang='lat' dir='ltr'><strong>aqua,</strong></span> <span class='ocrx_word' id='word_1_216' title='bbox 302 3685 457 3751; x_wconf 81' lang='lat' dir='ltr'><strong>velutruina</strong></span> <span class='ocrx_word' id='word_1_217' title='bbox 469 3704 577 3755; x_wconf 87' lang='lat' dir='ltr'><strong>magna,</strong></span> <span class='ocrx_word' id='word_1_218' title='bbox 591 3705 634 3754; x_wconf 76' lang='lat' dir='ltr'><strong>op</strong></span> <span class='ocrx_word' id='word_1_219' title='bbox 675 3687 741 3754; x_wconf 77' lang='lat' dir='ltr'><strong>joci.</strong></span> <span class='ocrx_word' id='word_1_220' title='bbox 747 3685 816 3753; x_wconf 87' lang='lat' dir='ltr'><strong>Lege</strong></span> <span class='ocrx_word' id='word_1_221' title='bbox 823 3687 885 3746; x_wconf 77' lang='lat' dir='ltr'><strong>loci,</strong></span> <span class='ocrx_word' id='word_1_222' title='bbox 895 3700 956 3736; x_wconf 88' lang='lat' dir='ltr'><strong>cum</strong></span> <span class='ocrx_word' id='word_1_223' title='bbox 962 3681 1192 3746; x_wconf 86' lang='lat' dir='ltr'><strong>multisveterurn;</strong></span> 
     </span>
     <span class='ocr_line' id='line_1_32' title="bbox 123 3760 1149 3833; baseline -0.001 -18"><span class='ocrx_word' id='word_1_224' title='bbox 123 3781 225 3833; x_wconf 86' lang='lat' dir='ltr'><strong>pressus</strong></span> <span class='ocrx_word' id='word_1_225' title='bbox 238 3765 278 3818; x_wconf 87' lang='lat' dir='ltr'><strong>sit.</strong></span> <span class='ocrx_word' id='word_1_226' title='bbox 683 3762 716 3816; x_wconf 86' lang='lat' dir='ltr'><strong>de</strong></span> <span class='ocrx_word' id='word_1_227' title='bbox 728 3761 791 3829; x_wconf 84' lang='lat' dir='ltr'><strong>jocis</strong></span> <span class='ocrx_word' id='word_1_228' title='bbox 799 3760 967 3828; x_wconf 80' lang='lat' dir='ltr'><strong>etseriisjam</strong></span> <span class='ocrx_word' id='word_1_229' title='bbox 978 3770 1149 3828; x_wconf 27' lang='lat' dir='ltr'><strong>anteregerat.</strong></span> 
     </span>
     <span class='ocr_line' id='line_1_33' title="bbox 147 3840 1194 3912; baseline -0.005 -18"><span class='ocrx_word' id='word_1_230' title='bbox 147 3862 185 3912; x_wconf 84' lang='lat'><strong>¹9·</strong></span> <span class='ocrx_word' id='word_1_231' title='bbox 195 3843 335 3912; x_wconf 70' lang='lat' dir='ltr'><strong>lacrymas</strong></span> <span class='ocrx_word' id='word_1_232' title='bbox 343 3844 473 3896; x_wconf 66' lang='lat' dir='ltr'><strong>dinatum.</strong></span> <span class='ocrx_word' id='word_1_233' title='bbox 483 3841 633 3912; x_wconf 74' lang='lat' dir='ltr'><strong>lacrymam</strong></span> <span class='ocrx_word' id='word_1_234' title='bbox 715 3841 756 3893; x_wconf 31' lang='lat'><strong>³⁷5.</strong></span> <span class='ocrx_word' id='word_1_235' title='bbox 767 3842 798 3891; x_wconf 82' lang='lat' dir='ltr'><strong>In</strong></span> <span class='ocrx_word' id='word_1_236' title='bbox 808 3857 934 3908; x_wconf 71' lang='lat' dir='ltr'><strong>aequoreos</strong></span> <span class='ocrx_word' id='word_1_237' title='bbox 949 3840 1043 3892; x_wconf 57' lang='lat' dir='ltr'><strong>ventosi</strong></span> <span class='ocrx_word' id='word_1_238' title='bbox 1055 3840 1087 3890; x_wconf 83' lang='lat' dir='ltr'><strong>ln</strong></span> <span class='ocrx_word' id='word_1_239' title='bbox 1096 3842 1194 3892; x_wconf 75' lang='lat' dir='ltr'><strong>AEolrbs</strong></span> 
     </span>
     <span class='ocr_line' id='line_1_34' title="bbox 123 3915 1193 3990; baseline -0.007 -17"><span class='ocrx_word' id='word_1_240' title='bbox 123 3919 263 3984; x_wconf 84' lang='lat' dir='ltr'><strong>meliores,</strong></span> <span class='ocrx_word' id='word_1_241' title='bbox 283 3931 313 3973; x_wconf 87' lang='lat' dir='ltr'><strong>ut</strong></span> <span class='ocrx_word' id='word_1_242' title='bbox 333 3921 428 3990; x_wconf 86' lang='lat' dir='ltr'><strong>passim</strong></span> <span class='ocrx_word' id='word_1_243' title='bbox 449 3919 508 3972; x_wconf 83' lang='lat' dir='ltr'><strong>alibi</strong></span> <span class='ocrx_word' id='word_1_244' title='bbox 520 3917 632 3983; x_wconf 76' lang='lat' dir='ltr'><strong>Noster3</strong></span> <span class='ocrx_word' id='word_1_245' title='bbox 679 3915 878 3987; x_wconf 67' lang='lat' dir='ltr'><strong>,Rottendorpn</strong></span> <span class='ocrx_word' id='word_1_246' title='bbox 894 3928 943 3986; x_wconf 82' lang='lat' dir='ltr'><strong>pro</strong></span> <span class='ocrx_word' id='word_1_247' title='bbox 959 3917 1059 3975; x_wconf 83' lang='lat' dir='ltr'><strong>diversa</strong></span> <span class='ocrx_word' id='word_1_248' title='bbox 1070 3915 1193 3971; x_wconf 84' lang='lat' dir='ltr'><strong>lectione.</strong></span> 
     </span>
     <span class='ocr_line' id='line_1_35' title="bbox 122 3994 1193 4068; baseline -0.006 -17"><span class='ocrx_word' id='word_1_249' title='bbox 122 4008 150 4051; x_wconf 85' lang='lat' dir='ltr'><strong>et</strong></span> <span class='ocrx_word' id='word_1_250' title='bbox 160 4015 222 4049; x_wconf 83' lang='lat' dir='ltr'><strong>mox</strong></span> <span class='ocrx_word' id='word_1_251' title='bbox 233 4003 306 4065; x_wconf 75' lang='lat' dir='ltr'><strong>queri</strong></span> <span class='ocrx_word' id='word_1_252' title='bbox 316 4017 365 4067; x_wconf 86' lang='lat' dir='ltr'><strong>pro</strong></span> <span class='ocrx_word' id='word_1_253' title='bbox 377 4002 447 4068; x_wconf 76' lang='lat' dir='ltr'><strong>loqui</strong></span> <span class='ocrx_word' id='word_1_254' title='bbox 455 3995 634 4066; x_wconf 84' lang='lat' dir='ltr'><strong>Gottorphia-</strong></span> <span class='ocrx_word' id='word_1_255' title='bbox 716 3995 756 4064; x_wconf 82' lang='lat'><strong>37.</strong></span> <span class='ocrx_word' id='word_1_256' title='bbox 769 3997 878 4048; x_wconf 81' lang='lat' dir='ltr'><strong>Placida</strong></span> <span class='ocrx_word' id='word_1_257' title='bbox 889 3998 948 4048; x_wconf 83' lang='lat' dir='ltr'><strong>urbe</strong></span> <span class='ocrx_word' id='word_1_258' title='bbox 962 3998 1069 4060; x_wconf 68' lang='lat' dir='ltr'><strong>Quirini.</strong></span> <span class='ocrx_word' id='word_1_259' title='bbox 1080 3994 1193 4047; x_wconf 86' lang='lat' dir='ltr'><strong>Romam</strong></span> 
     </span>
    </p>
   </div>
   <div class='ocr_carea' id='block_1_3' title="bbox 123 4072 1195 4225">
    <p class='ocr_par' dir='ltr' id='par_1_3' title="bbox 123 4072 1195 4225">
     <span class='ocr_line' id='line_1_36' title="bbox 123 4072 1195 4151; baseline -0.001 -25"><span class='ocrx_word' id='word_1_260' title='bbox 123 4094 183 4140; x_wconf 58' lang='lat' dir='ltr'><strong>qam·</strong></span> <span class='ocrx_word' id='word_1_261' title='bbox 196 4075 298 4127; x_wconf 68' lang='lat' dir='ltr'><strong>Herus.</strong></span> <span class='ocrx_word' id='word_1_262' title='bbox 492 4108 495 4116; x_wconf 88' lang='lat'><strong>.</strong></span> <span class='ocrx_word' id='word_1_263' title='bbox 683 4072 850 4151; x_wconf 73' lang='lat' dir='ltr'><strong>dqsignat,in</strong></span> <span class='ocrx_word' id='word_1_264' title='bbox 858 4074 1195 4142; x_wconf 81' lang='lat' dir='ltr'><strong>qualrominesuonsaeuos,</strong></span> 
     </span>
     <span class='ocr_line' id='line_1_37' title="bbox 154 4150 1128 4225; baseline -0.004 -14"><span class='ocrx_word' id='word_1_265' title='bbox 154 4173 196 4211; x_wconf 61' lang='grc' dir='ltr'><strong>υ,</strong></span> <span class='ocrx_word' id='word_1_266' title='bbox 211 4154 250 4206; x_wconf 78' lang='grc' dir='ltr'><strong>ΕΙ</strong></span> <span class='ocrx_word' id='word_1_267' title='bbox 261 4171 346 4207; x_wconf 75' lang='lat' dir='ltr'><strong>uocem</strong></span> <span class='ocrx_word' id='word_1_268' title='bbox 357 4157 453 4222; x_wconf 76' lang='lat' dir='ltr'><strong>populi.</strong></span> <span class='ocrx_word' id='word_1_269' title='bbox 470 4153 635 4225; x_wconf 79' lang='lat' dir='ltr'><strong>supremum</strong></span> <span class='ocrx_word' id='word_1_270' title='bbox 683 4150 729 4207; x_wconf 86' lang='lat' dir='ltr'><strong>sed</strong></span> <span class='ocrx_word' id='word_1_271' title='bbox 741 4151 834 4216; x_wconf 85' lang='lat' dir='ltr'><strong>mites,</strong></span> <span class='ocrx_word' id='word_1_272' title='bbox 849 4152 919 4211; x_wconf 83' lang='lat' dir='ltr'><strong>nasci</strong></span> <span class='ocrx_word' id='word_1_273' title='bbox 931 4153 1019 4207; x_wconf 83' lang='lat' dir='ltr'><strong>solitos</strong></span> <span class='ocrx_word' id='word_1_274' title='bbox 1030 4151 1128 4207; x_wconf 78' lang='lat' dir='ltr'><strong>innuit.</strong></span> 
     </span>
    </p>
   </div>
   <div class='ocr_carea' id='block_1_4' title="bbox 0 0 1330 4816">
    <p class='ocr_par' dir='ltr' id='par_1_4' title="bbox 0 0 1330 4816">
     <span class='ocr_line' id='line_1_38' title="bbox 0 0 1330 4816; baseline 0 0"><span class='ocrx_word' id='word_1_275' title='bbox 0 0 1330 4816; x_wconf 95' lang='lat' dir='ltr'><strong> </strong></span> 
     </span>
    </p>
   </div>
  </div>
 </body>
</html>
