2624 4816
217 395 622 467 EXPONTOLIB.
649 394 993 464 tv.Et>lsT.11.
1067 393 1130 477 421

115 543 194 616 Non
211 542 286 614 data
300 557 379 612 suut
394 567 402 610 ε
418 536 500 637 quid
517 536 625 623 enim,
643 564 716 636 quae
730 534 812 610 facis
827 535 913 636 ipse,
933 534 1067 609 darem?

66 657 156 754 Quis
174 656 238 730 mel
258 655 415 740 Aristaeo,
435 655 510 755 quis
526 653 657 727 Baccho
674 652 748 726 vina
763 651 923 740 Falerno,

115 771 324 872 Triptolemo
340 771 472 865 fruges,
489 797 589 869 poma
606 769 661 842 det
676 769 846 843 Alcinoo?

64 884 188 960 Fertile
203 904 320 986 pectus
333 884 457 970 habes,
476 885 627 984 interque
646 882 807 956 Helicona
825 881 968 956 colentes

115 1003 263 1076 Uberius
280 1000 363 1074 nulli
381 1000 535 1102 provenit
550 1000 613 1074 ista
632 1026 734 1094 seges.

65 1119 203 1193 Mittere
221 1147 350 1192 carmen
365 1118 407 1190 ad
425 1118 536 1205 huuc,
553 1117 688 1191 frondes
705 1134 773 1190 erat
789 1115 907 1190 addere
924 1115 1037 1194 silvis:

115 1236 195 1308 Haec
214 1235 295 1308 mihi
313 1234 487 1307 cunctandi
507 1261 621 1321 causa,
639 1234 778 1320 Severe,
795 1232 869 1306 luit.

64 1349 132 1421 Nec
150 1365 259 1448 tamen
278 1347 446 1442 ingenium
462 1347 562 1421 uobis
578 1345 776 1447 respondet,
794 1363 832 1420 ut
848 1364 947 1420 ante:
1103 1366 1133 1419 15

114 1461 180 1534 Sed
198 1464 321 1535 siccum
339 1460 441 1536 sterili
457 1490 585 1536 vomere
602 1461 683 1535 litus
700 1491 768 1536 aro.

63 1577 198 1651 Scilicet
212 1597 254 1652 ut
267 1577 365 1653 limus
384 1606 482 1653 venas
500 1596 637 1652 excecat
652 1579 687 1651 in
700 1577 815 1665 undis,

112 1695 270 1792 Ansaque
287 1694 480 1795 subpresso
498 1693 588 1766 lonte
608 1692 732 1765 resistit
750 1719 854 1793 aqua;

62 1811 205 1883 Pectora
223 1812 269 1884 sic
286 1837 358 1884 mea
376 1829 454 1884 sunt
469 1811 549 1884 limo
566 1810 679 1884 vitiata
696 1809 872 1898 malorum,

113 1927 158 1997 Et
175 1953 306 2000 carmen
322 1955 403 1999 vena
421 1925 617 2027 pauperiore
632 1925 716 2000 fluit.
1099 1965 1132 2001 eo

96 2126 121 2178 8.
137 2125 277 2192 Quaesacis
287 2128 341 2190 ipse
351 2127 443 2177 darem.
455 2121 514 2176 Cur
523 2122 572 2176 de·
597 2137 601 2144 ’
620 2145 687 2179 vers.
704 2145 749 2192 ¹¹7
766 2144 773 2178 ε
788 2125 857 2178 Τέων
871 2132 946 2180 siem
960 2129 1041 2200 sepulc
1053 2129 1130 2182 deil-

61 2203 114 2254 beo
131 2200 178 2254 tibi
191 2221 222 2254 ea
233 2201 350 2268 adferre,
364 2220 478 2270 quorum
497 2211 526 2253 tu
544 2220 573 2255 es
620 2210 704 2268 turer,
717 2201 766 2257 οὐδ’
779 2205 906 2266 incisim
927 2212 954 2256 et
963 2203 1078 2270 deinde,
1092 2225 1130 2260 vs.

63 2280 180 2349 optimus
192 2280 292 2333 artifex.
624 2298 671 2343 rao
683 2297 690 2331 ε
701 2272 781 2357 ὄγχνη
793 2278 826 2332 ie’
834 2286 905 2360 37qu
915 2282 1040 2356 γηράσκει,
1057 2290 1130 2350 nites

96 2377 121 2430 9.
142 2358 391 2424 QuismelAristoeo,
403 2358 573 2426 puisBaccbo
623 2355 693 2412 diet
704 2365 779 2429 μῆλῳ.
815 2368 818 2373 “

62 2439 126 2489 vina
133 2436 250 2488 Falerna.
260 2438 366 2488 Baccho
375 2438 484 2489 Falerno
494 2435 572 2488 multi
656 2453 694 2486 rr.
710 2436 803 2487 centn
808 2446 898 2501 pectus
905 2439 992 2489 babes.
1005 2436 1053 2490 Est
1064 2437 1128 2504 tibi,

61 2524 181 2579 veteres,
194 2526 221 2568 et
235 2525 321 2576 rccte3
332 2516 368 2570 sic
378 2519 503 2569 Falernus
513 2535 574 2584 ager
619 2514 720 2584 inquit,
738 2514 842 2568 abunde
861 2515 997 2570 doctrina.
1014 2543 1048 2558 ·-
1059 2518 1130 2570 Inter

60 2607 89 2651 et
97 2594 341 2651 similiaCaeterum
347 2597 473 2664 corripuit
482 2601 507 2652 τὲ
514 2600 570 2658 mel,
619 2601 728 2650 colentes
738 2584 875 2650 Helr'condl
884 2598 960 2649 Inter
974 2608 1063 2665 poetas
1075 2616 1126 2651 co-

60 2695 122 2728 raro
135 2674 268 2745 exemplo,
288 2674 358 2744 quod
371 2695 401 2728 ea
416 2695 466 2727 vox
478 2676 520 2729 ἐπὶ
533 2677 571 2729 eei
619 2675 703 2730 lentes
714 2677 854 2730 Musarum
863 2675 936 2742 loca,
949 2685 979 2729 ut
991 2685 1031 2730 est
1042 2676 1126 2730 Heli-

60 2757 115 2824 μέλι
125 2752 279 2807 deducatur.
285 2755 378 2806 Posset
386 2752 501 2823 alioquin
510 2751 570 2821 legi,
620 2772 670 2808 con
680 2754 795 2807 Boeotiae.

61 2837 120 2888 sor
135 2838 193 2902 quis
206 2835 325 2888 Aristeu.
338 2834 375 2886 H.
386 2861 419 2872 -
445 2837 509 2898 Quis
522 2833 576 2883 mel
656 2851 693 2884 12.
714 2833 821 2884 Uberius
828 2833 900 2883 nulli.
908 2828 980 2883 Nulli
989 2848 1070 2899 quam
1080 2831 1128 2885 tibi

59 2915 180 2971 Aristan.
191 2913 233 2967 De
247 2915 358 2968 Aristaeo
372 2913 390 2965 J
393 2912 495 2966 ustinus
503 2910 571 2964 libro
619 2908 755 2978 copiosius.
765 2937 798 2950 -
806 2913 945 2974 Istaseges.
958 2907 1011 2962 Ista
1019 2907 1128 2962 scientia

61 2991 167 3046 decimo
178 2992 270 3055 terti0;
280 2990 375 3060 Virgil.
384 3001 477 3059 quarto
489 2988 572 3043 Geor·
620 2987 682 3040 artis
695 2987 809 3056 poeticae.

59 3071 389 3141 gicomm,vs.317,sqq.
659 3068 696 3132 14.
726 3068 868 3118 Cunctanti.
891 3063 947 3118 Alii
965 3069 1121 3128 cunctandi,

95 3168 133 3202 ro.
156 3150 307 3215 Triptolemo
309 3147 408 3215 leuues.
422 3147 505 3202 Ceres
512 3147 571 3201 sru-
618 3144 698 3214 idque
707 3145 789 3216 magis
800 3146 891 3215 placet.
898 3146 1127 3201 Mrem-Nostri

60 3224 165 3293 menti,
177 3225 247 3293 quod
264 3225 333 3278 soree
350 3226 421 3279 inter
431 3226 492 3280 alias
503 3227 571 3280 her-
619 3242 680 3278 cun
692 3223 833 3277 duodecim
844 3223 913 3289 aliis,
927 3229 1064 3278 cunctanti.

61 3301 393 3370 basnascebaturignotnm
404 3302 511 3364 ceteris,
520 3303 571 3371 pri·
655 3305 692 3357 16.
700 3304 1017 3359 SiccurnlitusMateriarn
1025 3314 1125 3358 etcam·

61 3399 105 3433 ma
117 3399 195 3434 nsum
207 3379 359 3445 adinvenit,
372 3380 513 3448 docuitque
525 3381 570 3433 lro-
619 3402 682 3451 pum
693 3382 749 3435 sine
764 3382 885 3438 humore.
899 3382 1025 3453 Intelligit
1035 3392 1124 3435 autem

60 3459 148 3513 mines
160 3458 281 3512 servandi
297 3469 324 3512 et
334 3457 439 3512 serendi
451 3457 570 3512 modum.
618 3481 666 3531 per
673 3459 874 3515 similitudinem
886 3460 1016 3518 scribendi
1032 3468 1124 3512 mate-

61 3533 231 3604 Triptolemo
246 3535 377 3589 frumenti
401 3533 502 3588 dedisse
522 3554 571 3589 se·-
617 3540 685 3592 mam
700 3550 818 3595 msestam
834 3559 862 3593 se
878 3540 1033 3608 sumpsisse,
1050 3535 1122 3590 unde

60 3631 126 3666 men
138 3651 145 3678 ,
155 3613 345 3683 mandasseque
354 3653 362 3680 ,
371 3623 401 3666 ut
413 3632 474 3668 curn
486 3615 570 3668 omni·
618 3616 709 3670 nutus,
716 3616 797 3685 possit
806 3616 906 3670 fructus
918 3626 945 3670 et
957 3615 1043 3667 honor
1053 3632 1122 3667 erna-

59 3689 109 3743 bus
124 3687 152 3743 id
161 3689 262 3744 donum
277 3691 446 3759 participans,
458 3691 568 3748 modum
618 3713 785 3765 nare,neque
794 3693 875 3764 gloria
882 3692 965 3762 aliqua
973 3692 1121 3761 provenire.

59 3766 210 3823 seminandi
218 3778 386 3823 monstraret.
398 3772 518 3823 -Porna
526 3773 571 3822 det
653 3794 691 3842 ¹7·
706 3774 811 3827 Scilicet
825 3781 855 3824 ut
872 3775 954 3824 limus.
976 3769 1121 3838 Quemad-

59 3847 180 3900 Alcinoo.
192 3846 333 3912 Alcinous,
352 3866 397 3899 rex
410 3847 568 3915 Plraeacurn,
617 3851 729 3903 modum
742 3850 820 3902 limus
832 3866 887 3900 non
900 3847 1029 3917 permittit
1043 3867 1121 3917 aquas

60 3922 131 3977 lilius
142 3923 297 3992 Nausithoi,
310 3925 402 3978 hortos
411 3924 504 3980 habuit
512 3926 569 3980 cul-
615 3946 648 3981 ex
656 3929 730 3981 venis
742 3943 912 3996 procurrere:
931 3925 968 3979 sic
981 3925 1048 3980 mala
1065 3945 1116 3980 oc-

59 4001 181 4056 tissimos.
189 4003 269 4056 Unde
279 4002 358 4055 Maro
365 4002 463 4073 Georg.
472 4005 509 4071 ll,
519 4005 567 4072 87:
616 4004 726 4058 cludunt
737 4015 763 4057 et
771 4013 941 4056 remorantur
949 4002 1050 4073 copiam
1059 4022 1118 4056 car-

61 4080 219 4150 «Pomaque
229 4090 256 4134 et
267 4081 371 4135 Alcinoi
382 4081 468 4154 sylva.
481 4104 495 4128 u
507 4082 568 4136 Ho-
616 4083 712 4151 minis,
722 4093 748 4138 et
758 4100 852 4138 venam
859 4083 965 4151 poetice
971 4083 1120 4151 majestatis.

59 4175 164 4225 merus,
173 4157 257 4229 Odys.
268 4165 302 4225 n,
314 4157 348 4212 de
356 4159 460 4212 Alcinoi
467 4157 566 4227 hortis,
615 4189 648 4202 -
658 4164 783 4215 Etcaecat
792 4179 878 4217 venas.
886 4163 977 4216 Venas
987 4163 1100 4217 obturat.
