2624 4816
186 396 254 461 EX
278 395 462 461 PONTO
486 396 586 462 LlB.
613 397 694 463 111.
720 399 887 468 EPIST.
914 404 985 472 IX.
1061 407 1126 493 415

101 534 298 629 Corrigere,
316 552 349 607 et
365 533 458 631 longi
474 538 557 611 ferre
575 536 699 614 laboris
715 568 808 614 onus.
1099 588 1130 623 ω»
1221 624 1225 629 ,

53 652 262 725 Scribentem
279 651 371 748 juvat
385 652 455 751 ipse
472 654 583 741 favor,
604 654 792 755 minuitque
811 657 980 754 laborem,

104 769 259 866 Cumque
278 796 339 841 suo
359 794 506 842 crescens
522 788 656 869 pectore
672 772 775 846 fervet
793 803 888 875 opus.

55 884 231 979 Corrigere
249 901 282 955 at
298 912 351 957 res
368 902 419 958 est
435 902 530 957 tauto
548 888 655 981 magis
671 889 790 978 ardua,
811 912 936 991 quanto

106 1001 251 1091 Magnus
267 996 463 1070 Aristarcho
478 999 584 1095 major
603 1003 768 1076 Homerus
787 1025 866 1080 erat.

57 1110 114 1184 Sic
132 1111 277 1185 animum
293 1109 382 1184 leuto
400 1140 552 1186 curarum
569 1113 693 1208 frigore
711 1113 820 1206 laedit,

106 1231 155 1301 Ut
172 1228 284 1328 cupidi
301 1257 417 1301 cursor
433 1229 533 1302 fraena
550 1248 692 1304 retentat
708 1233 795 1332 equi.

56 1346 171 1445 Atque
190 1346 236 1418 ita
246 1346 297 1417 'Di
314 1346 411 1420 mites
427 1346 579 1418 minuant
596 1346 678 1419 milri
697 1347 836 1423 Caesaris
852 1350 951 1440 iram,

108 1463 261 1560 Ossaque
279 1480 393 1560 pacata
411 1480 525 1535 nostra
542 1480 697 1558 tegantur
711 1463 833 1551 humo;

57 1576 107 1647 Ut
124 1575 223 1663 mihi,
242 1577 375 1650 conanti
393 1606 634 1678 nonnunquam
652 1580 821 1654 intendere
839 1610 952 1670 curas,

106 1696 261 1767 Fortunae
277 1694 403 1792 species
422 1695 536 1767 obstat
552 1696 670 1768 acerba
688 1724 775 1771 meae.

59 1812 193 1911 Vixque
209 1811 291 1885 mihi
308 1811 438 1899 videor,
457 1811 570 1886 seciam
590 1814 680 1913 quod
699 1813 864 1901 carmina,
884 1843 997 1904 sanus

109 1932 216 2029 Inque
234 1929 311 2002 feris
328 1958 439 2003 curem
457 1929 622 2025 corrigere
640 1929 695 2003 itta
717 1930 826 2005 Getis:

59 2045 118 2120 Nil
136 2065 244 2120 tamen
260 2075 277 2120 e
295 2046 428 2146 seriptis
445 2046 550 2141 magis
567 2046 754 2121 excusabile
772 2049 914 2136 nostris,

111 2162 223 2257 Quam
243 2190 358 2235 sensus
377 2163 504 2235 cunctis
520 2192 613 2264 paene
629 2164 720 2265 quod
739 2193 825 2238 unus
842 2165 939 2239 inest.

60 2281 150 2352 Laeta
170 2279 236 2353 sere
255 2278 348 2352 laetus
366 2278 467 2352 cecini
483 2308 491 2366 ;
511 2307 592 2352 cano
612 2279 719 2353 tristia
736 2281 864 2354 tristis:
1102 2303 1134 2352 35

111 2394 320 2468 Conveniens
338 2394 431 2495 operi
450 2411 581 2494 tempus
596 2413 775 2495 utrumque
792 2423 853 2467 suo
874 2413 934 2469 est.

61 2511 175 2607 Quid,
195 2511 260 2583 nisi
280 2509 319 2583 de
336 2511 417 2583 vitio
437 2510 577 2584 scribam
594 2510 739 2604 regionis
753 2511 894 2584 amarae?

111 2629 224 2726 thue
243 2625 314 2702 solo
331 2627 454 2701 moriar
471 2626 711 2714 commodiore,
729 2624 868 2726 precer?

61 2744 180 2840 Quum
198 2741 296 2842 toties
317 2742 428 2816 eadem
445 2743 567 2829 dicam,
582 2740 637 2814 vix
651 2741 769 2814 audior
786 2737 868 2828 ulli;

62 2919 89 2963 et
97 2907 233 2977 subjungit
244 2924 362 2968 eausam
375 2902 577 2973 quiavimjudi-
625 2915 679 2968 tur,
692 2921 776 2972 quem
787 2902 841 2971 ipse
854 2921 910 2956 nou
919 2904 1050 2972 probaret.
1064 2906 1136 2962 Hinc

62 2985 140 3040 andi
151 3004 210 3038 mea
223 2983 354 3037 calamitas
365 2981 451 3051 fregit.
531 3044 534 3051 1
623 2984 782 3053 scriptorum
802 2980 950 3036 alienorum
968 3004 1089 3040 censores
1109 2998 1137 3040 et

96 3082 137 3117 ao.
159 3065 230 3115 Ortus
239 3065 312 3128 lorgi
319 3064 422 3112 laboris.
434 3057 574 3111 Difficilius
623 3059 723 3130 judices
731 3059 871 3127 proverbio
883 3059 1027 3113 Aristarchi
1041 3062 1137 3133 adpel-

64 3152 104 3196 ert
120 3139 196 3194 enim
209 3157 316 3193 cannen
330 3136 481 3205 corrigere,
494 3154 573 3204 quarn
622 3136 727 3203 lantur,
741 3147 767 3190 et
780 3148 952 3205 opponuntur
967 3140 1054 3195 Zoilis.

64 3238 235 3289 componere.
656 3216 1138 3288 25.Sicam'mumlcrr10curarumsrr'go·

97 3320 138 3352 aa.
161 3300 313 3352 scribentem
326 3294 407 3362 jura!
421 3296 475 3358 ipsc
489 3289 575 3357 saror.
624 3312 650 3345 rc
661 3295 738 3344 Ioedr'i.
747 3291 844 3347 Deesse
855 3292 949 3363 aliquid
957 3295 1074 3362 videtur,
1086 3316 1139 3365 quo

65 3377 119 3430 Alii
131 3380 213 3430 labor·
224 3375 304 3427 Forte
317 3374 389 3424 calor
393 3388 403 3435 ,·
419 3370 532 3430 horest,
546 3379 576 3421 ut
626 3372 757 3425 reseratur
765 3375 847 3433 ledit,
857 3373 907 3426 nisi
917 3378 944 3427 ri
949 3380 1069 3441 corrigere
1076 3394 1138 3426 rum

63 3455 109 3509 lib.
118 3454 170 3521 1v,
182 3453 256 3522 Eieg.
265 3468 288 3504 11
298 3492 305 3516 ‚
317 3452 348 3502 25
361 3448 487 3517 loquitur3
502 3469 515 3492 «
524 3448 578 3501 Irn-
627 3448 734 3502 Merula
742 3446 879 3520 intelligas.
889 3451 1015 3504 Heinsius
1022 3453 1139 3520 conjece-

66 3530 198 3602 petusille
212 3548 292 3587 sacer,
307 3527 351 3592 qui
366 3536 456 3578 vatum
470 3535 577 3594 pectora
626 3530 789 3592 rat‚loedor‚
808 3536 837 3578 ut
849 3538 916 3579 esset
926 3527 1081 3596 graecismus.
1128 3592 1134 3599 ²

65 3604 292 3666 nrttrit.»Sed1iii
303 3606 576 3661 mutandum.Eadem
610 3675 613 3680 ,
660 3608 700 3659 33.
718 3610 767 3658 Nil
777 3611 1139 3677 tamenestscrr'ptis.Escri-

65 3689 173 3760 Etegia,
187 3693 295 3743 Excreat
304 3688 539 3754 auditorstudiumf
551 3696 577 3738 et
622 3689 677 3752 ptis
687 3702 747 3738 curn
757 3683 834 3755 Frag.
849 3684 1043 3737 Lovan1etuno
1057 3684 1138 3737 Vati-

67 3788 126 3839 que
143 3778 301 3835 sequuntur.
312 3767 348 3818 H.
626 3781 709 3828 cano,
728 3760 770 3814 vei
788 3769 815 3814 in
834 3767 935 3828 scriptis
948 3780 1007 3813 cum
1027 3761 1140 3833 (ὶοίῑοτ-Ι
1224 3764 1225 3769 ’

102 3849 142 3914 24.
156 3847 315 3898 Aristarcho.
327 3842 439 3895 Homeri
451 3842 578 3909 interpre·
627 3837 733 3907 phiano.
746 3838 781 3890 H.
795 3839 867 3890 Nost.
884 3838 984 3890 habeut
994 3844 1140 3907 inscriptis.

70 3933 105 3977 te.
115 3923 181 3977 Fuit
192 3919 358 3974 Aristarchus
368 3920 480 3987 optimus
491 3937 578 3988 gram·
661 3918 700 3983 34.
712 3919 934 3983 Quamquodunus
941 3936 1038 3969 sensus.
1048 3920 1139 3986 Quam

67 4001 183 4054 maticus
192 3997 393 4051 Alexandrinus.
401 3994 521 4056 AEliauus
529 4007 579 4047 tra·
627 3994 701 4062 quod
712 4013 764 4046 uua
775 4005 801 4045 et
812 3992 906 4044 eadem
918 3996 1049 4048 sententia
1062 3998 1141 4051 tristis

70 4079 110 4133 dit
120 4080 194 4132 hunc
211 4089 266 4130 tam
276 4077 400 4145 castigato
412 4075 488 4127 fuisse
503 4074 579 4142 judi·
629 4084 655 4124 et
670 4071 794 4140 lugubris.
808 4098 841 4108 -
857 4072 931 4123 Paeue
950 4079 1017 4125 r'rrcst
1035 4082 1141 4128 cunctis.

71 4156 127 4228 cio,
142 4167 173 4211 ut
185 4155 298 4210 Homeri
308 4147 461 4207 versus‘non
472 4163 580 4223 putare·
632 4152 716 4223 Quasi
727 4151 795 4204 inest
806 4149 930 4203 omnihus
944 4153 1010 4205 meis
1022 4155 1123 4222 scriptis
1135 4174 1142 4207 z
