<?xml version="1.0" encoding="UTF-8"?>
<!DOCTYPE html PUBLIC "-//W3C//DTD XHTML 1.0 Transitional//EN"
    "http://www.w3.org/TR/xhtml1/DTD/xhtml1-transitional.dtd">
<html xmlns="http://www.w3.org/1999/xhtml" xml:lang="en" lang="en">
 <head>
  <title>
</title>
<meta http-equiv="Content-Type" content="text/html;charset=utf-8" />
  <meta name='ocr-system' content='tesseract 3.04.00' />
  <meta name='ocr-capabilities' content='ocr_page ocr_carea ocr_par ocr_line ocrx_word'/>
</head>
<body>
  <div class='ocr_page' id='page_1' title='image "bibliothecaclas31lemagoog_0024.png"; bbox 0 0 2624 4816; ppageno 0'>
   <div class='ocr_carea' id='block_1_1' title="bbox 295 410 1001 487">
    <p class='ocr_par' dir='ltr' id='par_1_1' title="bbox 295 410 1001 487">
     <span class='ocr_line' id='line_1_1' title="bbox 295 410 1001 487; baseline 0.006 -6"><span class='ocrx_word' id='word_1_1' title='bbox 295 410 575 482; x_wconf 89' lang='lat' dir='ltr'>TRISTIUM</span> <span class='ocrx_word' id='word_1_2' title='bbox 597 415 701 483; x_wconf 90' lang='lat' dir='ltr'><strong>LIB.</strong></span> <span class='ocrx_word' id='word_1_3' title='bbox 728 417 758 484; x_wconf 91' lang='lat'>1.</span> <span class='ocrx_word' id='word_1_4' title='bbox 785 416 939 487; x_wconf 88' lang='lat' dir='ltr'><strong>ELEG.</strong></span> <span class='ocrx_word' id='word_1_5' title='bbox 972 418 1001 485; x_wconf 90' lang='lat'>1.</span> 
     </span>
    </p>
   </div>
   <div class='ocr_carea' id='block_1_2' title="bbox 117 555 1198 1944">
    <p class='ocr_par' dir='ltr' id='par_1_2' title="bbox 117 555 1198 1944">
     <span class='ocr_line' id='line_1_2' title="bbox 159 555 863 640; baseline 0.003 -10"><span class='ocrx_word' id='word_1_6' title='bbox 159 558 315 631; x_wconf 76' lang='lat' dir='ltr'>Fortunae</span> <span class='ocrx_word' id='word_1_7' title='bbox 329 573 508 640; x_wconf 76' lang='lat' dir='ltr'>memorem</span> <span class='ocrx_word' id='word_1_8' title='bbox 526 573 558 629; x_wconf 89' lang='lat' dir='ltr'>te</span> <span class='ocrx_word' id='word_1_9' title='bbox 576 555 670 632; x_wconf 88' lang='lat' dir='ltr'>decet</span> <span class='ocrx_word' id='word_1_10' title='bbox 686 584 756 632; x_wconf 86' lang='lat' dir='ltr'>esse</span> <span class='ocrx_word' id='word_1_11' title='bbox 774 585 863 632; x_wconf 84' lang='lat' dir='ltr'>meae.</span> 
     </span>
     <span class='ocr_line' id='line_1_3' title="bbox 117 670 958 774; baseline 0 -25"><span class='ocrx_word' id='word_1_12' title='bbox 117 676 180 749; x_wconf 84' lang='lat' dir='ltr'>Nec</span> <span class='ocrx_word' id='word_1_13' title='bbox 197 671 309 769; x_wconf 81' lang='lat' dir='ltr'>fragili</span> <span class='ocrx_word' id='word_1_14' title='bbox 325 671 463 768; x_wconf 75' lang='lat' dir='ltr'>geminae</span> <span class='ocrx_word' id='word_1_15' title='bbox 479 670 651 773; x_wconf 90' lang='lat' dir='ltr'>poliantur</span> <span class='ocrx_word' id='word_1_16' title='bbox 667 673 797 774; x_wconf 84' lang='lat' dir='ltr'>pumice</span> <span class='ocrx_word' id='word_1_17' title='bbox 816 675 958 767; x_wconf 81' lang='lat' dir='ltr'>frontes,</span> 
     </span>
     <span class='ocr_line' id='line_1_4' title="bbox 161 788 782 890; baseline 0.002 -27"><span class='ocrx_word' id='word_1_18' title='bbox 161 791 323 864; x_wconf 88' lang='lat' dir='ltr'>Hirsutus</span> <span class='ocrx_word' id='word_1_19' title='bbox 341 788 448 890; x_wconf 87' lang='lat' dir='ltr'>passis</span> <span class='ocrx_word' id='word_1_20' title='bbox 462 805 501 861; x_wconf 87' lang='lat' dir='ltr'>ut</span> <span class='ocrx_word' id='word_1_21' title='bbox 518 788 649 864; x_wconf 79' lang='lat' dir='ltr'>videare</span> <span class='ocrx_word' id='word_1_22' title='bbox 667 790 782 864; x_wconf 90' lang='lat' dir='ltr'>comis.</span> 
     </span>
     <span class='ocr_line' id='line_1_5' title="bbox 117 904 882 1006; baseline -0.001 -24"><span class='ocrx_word' id='word_1_23' title='bbox 117 909 204 982; x_wconf 88' lang='lat' dir='ltr'>Neve</span> <span class='ocrx_word' id='word_1_24' title='bbox 218 905 394 979; x_wconf 88' lang='lat' dir='ltr'>liturarum</span> <span class='ocrx_word' id='word_1_25' title='bbox 411 904 558 1006; x_wconf 89' lang='lat' dir='ltr'>pudeat:</span> <span class='ocrx_word' id='word_1_26' title='bbox 576 905 635 1006; x_wconf 92' lang='lat' dir='ltr'>qui</span> <span class='ocrx_word' id='word_1_27' title='bbox 650 905 769 982; x_wconf 86' lang='lat' dir='ltr'>viderit</span> <span class='ocrx_word' id='word_1_28' title='bbox 786 905 882 999; x_wconf 77' lang='lat' dir='ltr'>illas,</span> 
     </span>
     <span class='ocr_line' id='line_1_6' title="bbox 161 1018 836 1120; baseline 0.004 -27"><span class='ocrx_word' id='word_1_29' title='bbox 161 1022 215 1094; x_wconf 88' lang='lat' dir='ltr'>De</span> <span class='ocrx_word' id='word_1_30' title='bbox 232 1018 387 1120; x_wconf 85' lang='lat' dir='ltr'>lacrymis</span> <span class='ocrx_word' id='word_1_31' title='bbox 402 1018 506 1094; x_wconf 84' lang='lat' dir='ltr'>factas</span> <span class='ocrx_word' id='word_1_32' title='bbox 519 1020 639 1094; x_wconf 76' lang='lat' dir='ltr'><strong>sentiet</strong></span> <span class='ocrx_word' id='word_1_33' title='bbox 656 1048 727 1095; x_wconf 87' lang='lat' dir='ltr'>esse</span> <span class='ocrx_word' id='word_1_34' title='bbox 743 1021 836 1096; x_wconf 86' lang='lat' dir='ltr'>meis.</span> 
     </span>
     <span class='ocr_line' id='line_1_7' title="bbox 119 1136 1193 1238; baseline 0.001 -24"><span class='ocrx_word' id='word_1_35' title='bbox 119 1141 227 1228; x_wconf 83' lang='lat' dir='ltr'>Vade,</span> <span class='ocrx_word' id='word_1_36' title='bbox 246 1136 351 1225; x_wconf 89' lang='lat' dir='ltr'>liber,</span> <span class='ocrx_word' id='word_1_37' title='bbox 371 1136 548 1238; x_wconf 87' lang='lat' dir='ltr'>verbisque</span> <span class='ocrx_word' id='word_1_38' title='bbox 564 1137 648 1211; x_wconf 89' lang='lat' dir='ltr'>meis</span> <span class='ocrx_word' id='word_1_39' title='bbox 666 1137 739 1211; x_wconf 85' lang='lat' dir='ltr'>loca</span> <span class='ocrx_word' id='word_1_40' title='bbox 755 1155 848 1233; x_wconf 77' lang='lat' dir='ltr'>grata</span> <span class='ocrx_word' id='word_1_41' title='bbox 866 1137 995 1214; x_wconf 84' lang='lat' dir='ltr'>saluta:</span> <span class='ocrx_word' id='word_1_42' title='bbox 1162 1162 1193 1216; x_wconf 81' lang='lat'>15</span> 
     </span>
     <span class='ocr_line' id='line_1_8' title="bbox 165 1251 846 1354; baseline -0.004 -25"><span class='ocrx_word' id='word_1_43' title='bbox 165 1255 371 1351; x_wconf 85' lang='lat' dir='ltr'>Contingam</span> <span class='ocrx_word' id='word_1_44' title='bbox 387 1271 473 1328; x_wconf 89' lang='lat' dir='ltr'>certe</span> <span class='ocrx_word' id='word_1_45' title='bbox 492 1281 561 1354; x_wconf 91' lang='lat' dir='ltr'>quo</span> <span class='ocrx_word' id='word_1_46' title='bbox 580 1252 658 1327; x_wconf 87' lang='lat' dir='ltr'>lieet</span> <span class='ocrx_word' id='word_1_47' title='bbox 676 1251 733 1327; x_wconf 86' lang='lat' dir='ltr'>illa</span> <span class='ocrx_word' id='word_1_48' title='bbox 750 1253 846 1354; x_wconf 90' lang='lat' dir='ltr'>pede.</span> 
     </span>
     <span class='ocr_line' id='line_1_9' title="bbox 121 1355 1110 1474; baseline -0.001 -28"><span class='ocrx_word' id='word_1_49' title='bbox 121 1372 152 1446; x_wconf 88' lang='lat' dir='ltr'>Si</span> <span class='ocrx_word' id='word_1_50' title='bbox 168 1372 266 1474; x_wconf 86' lang='lat' dir='ltr'>quis,</span> <span class='ocrx_word' id='word_1_51' title='bbox 284 1369 375 1444; x_wconf 89' lang='lat' dir='ltr'>utin</span> <span class='ocrx_word' id='word_1_52' title='bbox 393 1369 537 1471; x_wconf 82' lang='lat' dir='ltr'>populo,</span> <span class='ocrx_word' id='word_1_53' title='bbox 555 1371 663 1444; x_wconf 87' lang='lat' dir='ltr'>nostri</span> <span class='ocrx_word' id='word_1_54' title='bbox 681 1399 752 1443; x_wconf 91' lang='lat' dir='ltr'>nou</span> <span class='ocrx_word' id='word_1_55' title='bbox 768 1371 942 1445; x_wconf 91' lang='lat' dir='ltr'>immemor</span> <span class='ocrx_word' id='word_1_56' title='bbox 955 1370 1044 1460; x_wconf 88' lang='lat' dir='ltr'>illie,</span> <span class='ocrx_word' id='word_1_57' title='bbox 1109 1355 1110 1358; x_wconf 8' lang='grc' dir='ltr'><strong>Ἴ</strong></span> 
     </span>
     <span class='ocr_line' id='line_1_10' title="bbox 166 1485 1034 1589; baseline -0.003 -26"><span class='ocrx_word' id='word_1_58' title='bbox 166 1487 317 1589; x_wconf 85' lang='lat' dir='ltr'>Siquis,</span> <span class='ocrx_word' id='word_1_59' title='bbox 336 1485 410 1587; x_wconf 89' lang='lat' dir='ltr'>qui,</span> <span class='ocrx_word' id='word_1_60' title='bbox 430 1485 511 1587; x_wconf 90' lang='lat' dir='ltr'>quid</span> <span class='ocrx_word' id='word_1_61' title='bbox 530 1495 641 1582; x_wconf 79' lang='lat' dir='ltr'>agam,</span> <span class='ocrx_word' id='word_1_62' title='bbox 660 1488 747 1562; x_wconf 84' lang='lat' dir='ltr'>sorte</span> <span class='ocrx_word' id='word_1_63' title='bbox 764 1488 913 1588; x_wconf 87' lang='lat' dir='ltr'>requirat</span> <span class='ocrx_word' id='word_1_64' title='bbox 923 1543 939 1576; x_wconf 84' lang='lat'>,.</span> <span class='ocrx_word' id='word_1_65' title='bbox 951 1488 1034 1576; x_wconf 82' lang='lat' dir='ltr'>erit3</span> 
     </span>
     <span class='ocr_line' id='line_1_11' title="bbox 122 1602 992 1700; baseline 0 -23"><span class='ocrx_word' id='word_1_66' title='bbox 122 1604 236 1679; x_wconf 78' lang='lat' dir='ltr'>Vivere</span> <span class='ocrx_word' id='word_1_67' title='bbox 251 1632 306 1676; x_wconf 91' lang='lat' dir='ltr'>me</span> <span class='ocrx_word' id='word_1_68' title='bbox 323 1603 428 1689; x_wconf 85' lang='lat' dir='ltr'>dices,</span> <span class='ocrx_word' id='word_1_69' title='bbox 447 1602 573 1676; x_wconf 86' lang='lat' dir='ltr'>salvum</span> <span class='ocrx_word' id='word_1_70' title='bbox 591 1621 701 1677; x_wconf 88' lang='lat' dir='ltr'>tamen</span> <span class='ocrx_word' id='word_1_71' title='bbox 718 1633 788 1679; x_wconf 82' lang='lat' dir='ltr'>esse</span> <span class='ocrx_word' id='word_1_72' title='bbox 805 1604 945 1700; x_wconf 79' lang='lat' dir='ltr'>negabis</span> <span class='ocrx_word' id='word_1_73' title='bbox 963 1634 992 1695; x_wconf 53' lang='grc' dir='ltr'>ε,</span> 
     </span>
     <span class='ocr_line' id='line_1_12' title="bbox 165 1721 1198 1824; baseline -0.003 -26"><span class='ocrx_word' id='word_1_74' title='bbox 165 1724 206 1799; x_wconf 92' lang='lat' dir='ltr'>ld</span> <span class='ocrx_word' id='word_1_75' title='bbox 225 1749 378 1824; x_wconf 87' lang='lat' dir='ltr'>quoque,</span> <span class='ocrx_word' id='word_1_76' title='bbox 399 1721 491 1822; x_wconf 91' lang='lat' dir='ltr'>quod</span> <span class='ocrx_word' id='word_1_77' title='bbox 508 1721 632 1811; x_wconf 84' lang='lat' dir='ltr'>vivam,</span> <span class='ocrx_word' id='word_1_78' title='bbox 648 1751 769 1799; x_wconf 85' lang='lat' dir='ltr'>munus</span> <span class='ocrx_word' id='word_1_79' title='bbox 786 1723 908 1796; x_wconf 88' lang='lat' dir='ltr'>habere</span> <span class='ocrx_word' id='word_1_80' title='bbox 925 1722 1000 1796; x_wconf 87' lang='lat' dir='ltr'>Dei.</span> <span class='ocrx_word' id='word_1_81' title='bbox 1165 1760 1198 1796; x_wconf 84' lang='lat'>20</span> 
     </span>
     <span class='ocr_line' id='line_1_13' title="bbox 125 1840 985 1944; baseline -0.003 -27"><span class='ocrx_word' id='word_1_82' title='bbox 125 1842 232 1944; x_wconf 75' lang='lat' dir='ltr'>Atque</span> <span class='ocrx_word' id='word_1_83' title='bbox 248 1842 296 1916; x_wconf 83' lang='lat' dir='ltr'>ita</span> <span class='ocrx_word' id='word_1_84' title='bbox 314 1858 346 1915; x_wconf 86' lang='lat' dir='ltr'>te</span> <span class='ocrx_word' id='word_1_85' title='bbox 367 1857 484 1914; x_wconf 88' lang='lat' dir='ltr'>cautus</span> <span class='ocrx_word' id='word_1_86' title='bbox 503 1840 663 1941; x_wconf 80' lang='lat' dir='ltr'>quaerenti</span> <span class='ocrx_word' id='word_1_87' title='bbox 678 1840 776 1942; x_wconf 86' lang='lat' dir='ltr'>plura</span> <span class='ocrx_word' id='word_1_88' title='bbox 791 1840 985 1937; x_wconf 80' lang='lat' dir='ltr'>legendum,</span> 
     </span>
    </p>
   </div>
   <div class='ocr_carea' id='block_1_3' title="bbox 129 2005 1201 2393">
    <p class='ocr_par' dir='ltr' id='par_1_3' title="bbox 129 2005 1201 2393">
     <span class='ocr_line' id='line_1_14' title="bbox 155 2005 1200 2075; baseline 0.001 -14"><span class='ocrx_word' id='word_1_89' title='bbox 155 2029 191 2063; x_wconf 84' lang='grc' dir='ltr'>ιι.</span> <span class='ocrx_word' id='word_1_90' title='bbox 217 2011 336 2062; x_wconf 73' lang='lat' dir='ltr'>Gemina.</span> <span class='ocrx_word' id='word_1_91' title='bbox 361 2006 511 2075; x_wconf 78' lang='lat' dir='ltr'>Utramque</span> <span class='ocrx_word' id='word_1_92' title='bbox 537 2005 634 2060; x_wconf 78' lang='lat' dir='ltr'>chartae</span> <span class='ocrx_word' id='word_1_93' title='bbox 719 2006 1200 2063; x_wconf 60' lang='lat' dir='ltr'>13.liturarumMacularnmnvid.</span> 
     </span>
     <span class='ocr_line' id='line_1_15' title="bbox 129 2085 1200 2157; baseline 0.001 -17"><span class='ocrx_word' id='word_1_94' title='bbox 129 2086 257 2156; x_wconf 81' lang='lat' dir='ltr'>planitiem</span> <span class='ocrx_word' id='word_1_95' title='bbox 277 2085 415 2155; x_wconf 79' lang='lat' dir='ltr'>iutelligit,</span> <span class='ocrx_word' id='word_1_96' title='bbox 437 2097 500 2155; x_wconf 84' lang='lat' dir='ltr'>puta</span> <span class='ocrx_word' id='word_1_97' title='bbox 516 2086 638 2140; x_wconf 81' lang='lat' dir='ltr'>exterio-</span> <span class='ocrx_word' id='word_1_98' title='bbox 684 2086 751 2138; x_wconf 85' lang='lat' dir='ltr'>Her.</span> <span class='ocrx_word' id='word_1_99' title='bbox 765 2087 825 2152; x_wconf 83' lang='grc' dir='ltr'>ΙΙΙ,</span> <span class='ocrx_word' id='word_1_100' title='bbox 839 2087 854 2138; x_wconf 83' lang='grc'>3</span> <span class='ocrx_word' id='word_1_101' title='bbox 867 2106 873 2140; x_wconf 90' lang='lat'>:</span> <span class='ocrx_word' id='word_1_102' title='bbox 886 2109 899 2133; x_wconf 87' lang='lat'>«</span> <span class='ocrx_word' id='word_1_103' title='bbox 914 2087 1103 2155; x_wconf 85' lang='lat' dir='ltr'>Quascumque</span> <span class='ocrx_word' id='word_1_104' title='bbox 1112 2087 1200 2157; x_wconf 88' lang='lat' dir='ltr'>adspi-</span> 
     </span>
     <span class='ocr_line' id='line_1_16' title="bbox 129 2163 1133 2236; baseline -0.007 -17"><span class='ocrx_word' id='word_1_105' title='bbox 129 2185 202 2233; x_wconf 84' lang='lat' dir='ltr'>rem,</span> <span class='ocrx_word' id='word_1_106' title='bbox 221 2176 249 2219; x_wconf 93' lang='lat' dir='ltr'>et</span> <span class='ocrx_word' id='word_1_107' title='bbox 269 2163 426 2218; x_wconf 86' lang='lat' dir='ltr'>interiorem</span> <span class='ocrx_word' id='word_1_108' title='bbox 446 2180 453 2216; x_wconf 74' lang='grc' dir='ltr'><strong><em>ε</em></strong></span> <span class='ocrx_word' id='word_1_109' title='bbox 473 2180 532 2233; x_wconf 77' lang='lat' dir='ltr'>quae</span> <span class='ocrx_word' id='word_1_110' title='bbox 552 2164 636 2218; x_wconf 81' lang='lat' dir='ltr'>ambae</span> <span class='ocrx_word' id='word_1_111' title='bbox 684 2163 753 2229; x_wconf 79' lang='lat' dir='ltr'>ties,</span> <span class='ocrx_word' id='word_1_112' title='bbox 770 2165 892 2236; x_wconf 82' lang='lat' dir='ltr'>lacrymae</span> <span class='ocrx_word' id='word_1_113' title='bbox 906 2163 992 2218; x_wconf 81' lang='lat' dir='ltr'>fecere</span> <span class='ocrx_word' id='word_1_114' title='bbox 1004 2164 1102 2218; x_wconf 87' lang='lat' dir='ltr'>lituras.</span> <span class='ocrx_word' id='word_1_115' title='bbox 1118 2185 1133 2212; x_wconf 74' lang='lat' dir='ltr'>o</span> 
     </span>
     <span class='ocr_line' id='line_1_17' title="bbox 129 2239 1201 2315; baseline 0.002 -19"><span class='ocrx_word' id='word_1_116' title='bbox 129 2244 193 2313; x_wconf 84' lang='lat' dir='ltr'>prius</span> <span class='ocrx_word' id='word_1_117' title='bbox 211 2243 316 2313; x_wconf 86' lang='lat' dir='ltr'>pumice</span> <span class='ocrx_word' id='word_1_118' title='bbox 335 2239 511 2307; x_wconf 85' lang='lat' dir='ltr'>radebantur,</span> <span class='ocrx_word' id='word_1_119' title='bbox 528 2252 585 2294; x_wconf 90' lang='lat' dir='ltr'>tum</span> <span class='ocrx_word' id='word_1_120' title='bbox 602 2242 638 2295; x_wconf 88' lang='lat' dir='ltr'>ob</span> <span class='ocrx_word' id='word_1_121' title='bbox 700 2243 867 2310; x_wconf 49' lang='lat' dir='ltr'>&#39;&#39;⁸17.Siquis‚</span> <span class='ocrx_word' id='word_1_122' title='bbox 880 2246 1046 2310; x_wconf 74' lang='lat' dir='ltr'>uttirpopulo,</span> <span class='ocrx_word' id='word_1_123' title='bbox 1059 2248 1201 2315; x_wconf 65' lang='lat' dir='ltr'>rostn&#39;etc.</span> 
     </span>
     <span class='ocr_line' id='line_1_18' title="bbox 129 2319 1200 2393; baseline -0.001 -17"><span class='ocrx_word' id='word_1_124' title='bbox 129 2323 295 2393; x_wconf 77' lang='lat' dir='ltr'>elegantiam,</span> <span class='ocrx_word' id='word_1_125' title='bbox 309 2332 367 2374; x_wconf 88' lang='lat' dir='ltr'>tum</span> <span class='ocrx_word' id='word_1_126' title='bbox 379 2339 413 2373; x_wconf 89' lang='lat' dir='ltr'>ne</span> <span class='ocrx_word' id='word_1_127' title='bbox 430 2319 553 2390; x_wconf 82' lang='lat' dir='ltr'>asperitas</span> <span class='ocrx_word' id='word_1_128' title='bbox 568 2321 638 2374; x_wconf 88' lang='lat' dir='ltr'>cala·</span> <span class='ocrx_word' id='word_1_129' title='bbox 685 2320 767 2375; x_wconf 90' lang='lat' dir='ltr'>Multi</span> <span class='ocrx_word' id='word_1_130' title='bbox 777 2327 1008 2376; x_wconf 70' lang='lat' dir='ltr'>immemorerstat:</span> <span class='ocrx_word' id='word_1_131' title='bbox 1017 2321 1070 2375; x_wconf 92' lang='lat' dir='ltr'>duo</span> <span class='ocrx_word' id='word_1_132' title='bbox 1079 2341 1140 2377; x_wconf 87' lang='lat' dir='ltr'>cum</span> <span class='ocrx_word' id='word_1_133' title='bbox 1149 2322 1200 2393; x_wconf 89' lang='lat' dir='ltr'>pri·</span> 
     </span>
    </p>
   </div>
   <div class='ocr_carea' id='block_1_4' title="bbox 130 2396 1303 2472">
    <p class='ocr_par' dir='ltr' id='par_1_4' title="bbox 130 2396 1303 2472">
     <span class='ocr_line' id='line_1_19' title="bbox 130 2396 1303 2472; baseline 0.005 -20"><span class='ocrx_word' id='word_1_134' title='bbox 130 2418 198 2452; x_wconf 89' lang='lat' dir='ltr'>mum</span> <span class='ocrx_word' id='word_1_135' title='bbox 214 2398 369 2453; x_wconf 73' lang='lat' dir='ltr'>offenderet</span> <span class='ocrx_word' id='word_1_136' title='bbox 383 2416 412 2451; x_wconf 86' lang='lat' dir='ltr'>ac</span> <span class='ocrx_word' id='word_1_137' title='bbox 426 2396 587 2462; x_wconf 87' lang='lat' dir='ltr'>retardaret;</span> <span class='ocrx_word' id='word_1_138' title='bbox 601 2399 637 2452; x_wconf 89' lang='lat' dir='ltr'>sie</span> <span class='ocrx_word' id='word_1_139' title='bbox 685 2401 851 2456; x_wconf 85' lang='lat' dir='ltr'>maeditione</span> <span class='ocrx_word' id='word_1_140' title='bbox 860 2407 908 2455; x_wconf 77' lang='lat' dir='ltr'>illi.</span> <span class='ocrx_word' id='word_1_141' title='bbox 917 2402 1007 2457; x_wconf 90' lang='lat' dir='ltr'>Scribe</span> <span class='ocrx_word' id='word_1_142' title='bbox 1014 2406 1201 2472; x_wconf 73' lang='lat' dir='ltr'>illae&#39;csrequr&#39;rat</span> <span class='ocrx_word' id='word_1_143' title='bbox 1300 2458 1303 2462; x_wconf 70' lang='grc'><strong>,</strong></span> 
     </span>
    </p>
   </div>
   <div class='ocr_carea' id='block_1_5' title="bbox 126 2478 1203 4287">
    <p class='ocr_par' dir='ltr' id='par_1_5' title="bbox 126 2478 1203 4287">
     <span class='ocr_line' id='line_1_20' title="bbox 129 2478 1199 2553; baseline 0.003 -21"><span class='ocrx_word' id='word_1_144' title='bbox 129 2491 152 2533; x_wconf 93' lang='lat' dir='ltr'>et</span> <span class='ocrx_word' id='word_1_145' title='bbox 162 2480 278 2534; x_wconf 85' lang='lat' dir='ltr'>Martial.</span> <span class='ocrx_word' id='word_1_146' title='bbox 291 2480 398 2545; x_wconf 86' lang='lat' dir='ltr'>ttl,11‚</span> <span class='ocrx_word' id='word_1_147' title='bbox 413 2500 443 2546; x_wconf 87' lang='lat'>7,</span> <span class='ocrx_word' id='word_1_148' title='bbox 454 2478 550 2531; x_wconf 86' lang='lat' dir='ltr'>librum</span> <span class='ocrx_word' id='word_1_149' title='bbox 559 2496 638 2533; x_wconf 87' lang='lat' dir='ltr'>suum</span> <span class='ocrx_word' id='word_1_150' title='bbox 685 2480 765 2533; x_wconf 84' lang='lat' dir='ltr'>etiam</span> <span class='ocrx_word' id='word_1_151' title='bbox 776 2481 952 2550; x_wconf 72' lang='lat' dir='ltr'>castigatiores</span> <span class='ocrx_word' id='word_1_152' title='bbox 964 2500 971 2534; x_wconf 77' lang='grc' dir='ltr'><strong>ε</strong></span> <span class='ocrx_word' id='word_1_153' title='bbox 982 2501 1031 2550; x_wconf 86' lang='lat' dir='ltr'>pro</span> <span class='ocrx_word' id='word_1_154' title='bbox 1041 2483 1136 2551; x_wconf 79' lang='lat' dir='ltr'>Siquis</span> <span class='ocrx_word' id='word_1_155' title='bbox 1148 2501 1199 2553; x_wconf 88' lang='lat' dir='ltr'>po-</span> 
     </span>
     <span class='ocr_line' id='line_1_21' title="bbox 130 2555 1200 2629; baseline 0.002 -18"><span class='ocrx_word' id='word_1_156' title='bbox 130 2559 269 2629; x_wconf 84' lang='lat' dir='ltr'>adloquens</span> <span class='ocrx_word' id='word_1_157' title='bbox 286 2556 323 2611; x_wconf 81' lang='lat' dir='ltr'>ait</span> <span class='ocrx_word' id='word_1_158' title='bbox 339 2576 346 2610; x_wconf 88' lang='lat'><strong>:</strong></span> <span class='ocrx_word' id='word_1_159' title='bbox 364 2578 377 2603; x_wconf 72' lang='lat' dir='ltr'>u</span> <span class='ocrx_word' id='word_1_160' title='bbox 394 2555 485 2611; x_wconf 88' lang='lat' dir='ltr'>Cedro</span> <span class='ocrx_word' id='word_1_161' title='bbox 496 2577 569 2612; x_wconf 86' lang='lat' dir='ltr'>nunc</span> <span class='ocrx_word' id='word_1_162' title='bbox 579 2559 638 2614; x_wconf 89' lang='lat' dir='ltr'>licet</span> <span class='ocrx_word' id='word_1_163' title='bbox 685 2557 789 2613; x_wconf 79' lang='lat' dir='ltr'>steriori</span> <span class='ocrx_word' id='word_1_164' title='bbox 800 2579 893 2624; x_wconf 81' lang='lat' dir='ltr'>versu,</span> <span class='ocrx_word' id='word_1_165' title='bbox 907 2579 964 2627; x_wconf 81' lang='lat' dir='ltr'>quse</span> <span class='ocrx_word' id='word_1_166' title='bbox 973 2558 1095 2627; x_wconf 86' lang='lat' dir='ltr'>repetitio</span> <span class='ocrx_word' id='word_1_167' title='bbox 1103 2560 1200 2613; x_wconf 88' lang='lat' dir='ltr'>iucon·</span> 
     </span>
     <span class='ocr_line' id='line_1_22' title="bbox 132 2627 1200 2707; baseline 0.001 -17"><span class='ocrx_word' id='word_1_168' title='bbox 132 2637 244 2691; x_wconf 75' lang='lat' dir='ltr'>ambules</span> <span class='ocrx_word' id='word_1_169' title='bbox 256 2648 414 2704; x_wconf 80' lang='lat' dir='ltr'>perunctus,</span> <span class='ocrx_word' id='word_1_170' title='bbox 434 2627 471 2690; x_wconf 81' lang='lat' dir='ltr'>Et</span> <span class='ocrx_word' id='word_1_171' title='bbox 485 2636 581 2690; x_wconf 85' lang='lat' dir='ltr'>frontis</span> <span class='ocrx_word' id='word_1_172' title='bbox 592 2656 640 2707; x_wconf 54' lang='lat' dir='ltr'>ge*</span> <span class='ocrx_word' id='word_1_173' title='bbox 686 2634 764 2688; x_wconf 88' lang='lat' dir='ltr'>cinna</span> <span class='ocrx_word' id='word_1_174' title='bbox 776 2647 830 2702; x_wconf 88' lang='lat' dir='ltr'>est,</span> <span class='ocrx_word' id='word_1_175' title='bbox 844 2635 864 2689; x_wconf 91' lang='lat' dir='ltr'>si</span> <span class='ocrx_word' id='word_1_176' title='bbox 878 2636 941 2704; x_wconf 86' lang='lat' dir='ltr'>quid</span> <span class='ocrx_word' id='word_1_177' title='bbox 957 2636 1051 2703; x_wconf 86' lang='lat' dir='ltr'>video,</span> <span class='ocrx_word' id='word_1_178' title='bbox 1070 2639 1139 2691; x_wconf 58' lang='grc' dir='ltr'><em>Οἰνία</em></span> <span class='ocrx_word' id='word_1_179' title='bbox 1150 2657 1200 2691; x_wconf 89' lang='lat' dir='ltr'>re-</span> 
     </span>
     <span class='ocr_line' id='line_1_23' title="bbox 126 2715 1199 2785; baseline 0 -15"><span class='ocrx_word' id='word_1_180' title='bbox 126 2717 198 2771; x_wconf 85' lang='lat' dir='ltr'>·mino</span> <span class='ocrx_word' id='word_1_181' title='bbox 207 2716 306 2771; x_wconf 84' lang='lat' dir='ltr'>decens</span> <span class='ocrx_word' id='word_1_182' title='bbox 316 2716 427 2784; x_wconf 83' lang='lat' dir='ltr'>bonore,</span> <span class='ocrx_word' id='word_1_183' title='bbox 435 2717 639 2771; x_wconf 82' lang='lat' dir='ltr'>Pictisluxurie-</span> <span class='ocrx_word' id='word_1_184' title='bbox 686 2715 752 2768; x_wconf 78' lang='lat' dir='ltr'>clius</span> <span class='ocrx_word' id='word_1_185' title='bbox 770 2727 914 2785; x_wconf 83' lang='lat' dir='ltr'>reponatur</span> <span class='ocrx_word' id='word_1_186' title='bbox 926 2752 938 2782; x_wconf 65' lang='lat'><em>7</em></span> <span class='ocrx_word' id='word_1_187' title='bbox 949 2726 1094 2785; x_wconf 87' lang='lat' dir='ltr'>utcumque</span> <span class='ocrx_word' id='word_1_188' title='bbox 1107 2736 1199 2770; x_wconf 87' lang='lat' dir='ltr'>mem-</span> 
     </span>
     <span class='ocr_line' id='line_1_24' title="bbox 129 2791 1201 2866; baseline -0.004 -15"><span class='ocrx_word' id='word_1_189' title='bbox 129 2797 159 2852; x_wconf 83' lang='lat' dir='ltr'>ris</span> <span class='ocrx_word' id='word_1_190' title='bbox 165 2796 311 2863; x_wconf 83' lang='lat' dir='ltr'>umbilicis,</span> <span class='ocrx_word' id='word_1_191' title='bbox 324 2792 359 2850; x_wconf 83' lang='lat' dir='ltr'>Et</span> <span class='ocrx_word' id='word_1_192' title='bbox 369 2807 395 2850; x_wconf 88' lang='lat' dir='ltr'>te</span> <span class='ocrx_word' id='word_1_193' title='bbox 404 2815 521 2866; x_wconf 87' lang='lat' dir='ltr'>purpura</span> <span class='ocrx_word' id='word_1_194' title='bbox 530 2796 640 2850; x_wconf 79' lang='lat' dir='ltr'>delicata</span> <span class='ocrx_word' id='word_1_195' title='bbox 686 2791 774 2846; x_wconf 80' lang='lat' dir='ltr'>branis</span> <span class='ocrx_word' id='word_1_196' title='bbox 787 2794 910 2846; x_wconf 84' lang='lat' dir='ltr'>omnibus</span> <span class='ocrx_word' id='word_1_197' title='bbox 923 2793 1011 2848; x_wconf 83' lang='lat' dir='ltr'>invitis</span> <span class='ocrx_word' id='word_1_198' title='bbox 1024 2812 1031 2846; x_wconf 74' lang='grc' dir='ltr'><strong>ε</strong></span> <span class='ocrx_word' id='word_1_199' title='bbox 1051 2816 1065 2840; x_wconf 88' lang='grc'><strong>«</strong></span> <span class='ocrx_word' id='word_1_200' title='bbox 1077 2794 1107 2848; x_wconf 84' lang='lat' dir='ltr'>si</span> <span class='ocrx_word' id='word_1_201' title='bbox 1120 2795 1178 2863; x_wconf 86' lang='lat' dir='ltr'>quis</span> <span class='ocrx_word' id='word_1_202' title='bbox 1191 2833 1201 2862; x_wconf 80' lang='lat'><em>,</em></span> 
     </span>
     <span class='ocr_line' id='line_1_25' title="bbox 130 2872 1200 2947; baseline -0.006 -14"><span class='ocrx_word' id='word_1_203' title='bbox 130 2880 209 2947; x_wconf 80' lang='lat' dir='ltr'>velet,</span> <span class='ocrx_word' id='word_1_204' title='bbox 223 2880 260 2933; x_wconf 84' lang='lat' dir='ltr'>Et</span> <span class='ocrx_word' id='word_1_205' title='bbox 267 2897 344 2932; x_wconf 90' lang='lat' dir='ltr'>cocco</span> <span class='ocrx_word' id='word_1_206' title='bbox 355 2878 448 2930; x_wconf 86' lang='lat' dir='ltr'>rubeat</span> <span class='ocrx_word' id='word_1_207' title='bbox 456 2877 584 2944; x_wconf 87' lang='lat' dir='ltr'>superbus</span> <span class='ocrx_word' id='word_1_208' title='bbox 596 2875 640 2929; x_wconf 70' lang='lat' dir='ltr'>in·</span> <span class='ocrx_word' id='word_1_209' title='bbox 687 2882 717 2924; x_wconf 88' lang='lat' dir='ltr'>nt</span> <span class='ocrx_word' id='word_1_210' title='bbox 725 2872 877 2944; x_wconf 86' lang='lat' dir='ltr'>inpopulo,</span> <span class='ocrx_word' id='word_1_211' title='bbox 892 2874 974 2928; x_wconf 86' lang='lat' dir='ltr'>nostri</span> <span class='ocrx_word' id='word_1_212' title='bbox 988 2893 1044 2927; x_wconf 92' lang='lat' dir='ltr'>non</span> <span class='ocrx_word' id='word_1_213' title='bbox 1056 2875 1200 2928; x_wconf 86' lang='lat' dir='ltr'>immemor</span> 
     </span>
     <span class='ocr_line' id='line_1_26' title="bbox 133 2949 1200 3026; baseline 0.002 -20"><span class='ocrx_word' id='word_1_214' title='bbox 133 2958 181 3013; x_wconf 75' lang='lat' dir='ltr'>dex,</span> <span class='ocrx_word' id='word_1_215' title='bbox 191 2979 207 3006; x_wconf 66' lang='lat' dir='ltr'>a</span> <span class='ocrx_word' id='word_1_216' title='bbox 217 2961 470 3026; x_wconf 73' lang='lat' dir='ltr'>-Fragr&#39;lipumr&#39;ce.</span> <span class='ocrx_word' id='word_1_217' title='bbox 485 2957 570 3010; x_wconf 76' lang='lat' dir='ltr'>Erant</span> <span class='ocrx_word' id='word_1_218' title='bbox 586 2976 640 3010; x_wconf 77' lang='lat' dir='ltr'>au·</span> <span class='ocrx_word' id='word_1_219' title='bbox 685 2949 740 3005; x_wconf 71' lang='lat' dir='ltr'>illic</span> <span class='ocrx_word' id='word_1_220' title='bbox 754 2951 839 3019; x_wconf 73' lang='lat' dir='ltr'>Civis,</span> <span class='ocrx_word' id='word_1_221' title='bbox 864 2953 908 3022; x_wconf 85' lang='lat' dir='ltr'>qul</span> <span class='ocrx_word' id='word_1_222' title='bbox 920 2993 928 3019; x_wconf 83' lang='lat'>,</span> <span class='ocrx_word' id='word_1_223' title='bbox 940 2953 1003 3022; x_wconf 84' lang='lat' dir='ltr'>quid</span> <span class='ocrx_word' id='word_1_224' title='bbox 1016 2973 1108 3024; x_wconf 75' lang='lat' dir='ltr'>agam,</span> <span class='ocrx_word' id='word_1_225' title='bbox 1129 2954 1200 3009; x_wconf 80' lang='lat' dir='ltr'>forle</span> 
     </span>
     <span class='ocr_line' id='line_1_27' title="bbox 133 3029 1040 3110; baseline -0.004 -20"><span class='ocrx_word' id='word_1_226' title='bbox 133 3049 180 3092; x_wconf 87' lang='lat' dir='ltr'>tem</span> <span class='ocrx_word' id='word_1_227' title='bbox 187 3039 309 3110; x_wconf 88' lang='lat' dir='ltr'>pumices</span> <span class='ocrx_word' id='word_1_228' title='bbox 317 3038 344 3090; x_wconf 89' lang='lat' dir='ltr'>in</span> <span class='ocrx_word' id='word_1_229' title='bbox 353 3056 402 3090; x_wconf 87' lang='lat' dir='ltr'>usu</span> <span class='ocrx_word' id='word_1_230' title='bbox 408 3036 595 3107; x_wconf 84' lang='lat' dir='ltr'>poliendorum</span> <span class='ocrx_word' id='word_1_231' title='bbox 608 3036 641 3090; x_wconf 87' lang='lat' dir='ltr'>li·</span> <span class='ocrx_word' id='word_1_232' title='bbox 687 3029 821 3098; x_wconf 67' lang='lat' dir='ltr'>requirat,</span> <span class='ocrx_word' id='word_1_233' title='bbox 840 3031 898 3084; x_wconf 80' lang='lat' dir='ltr'>erit·</span> <span class='ocrx_word' id='word_1_234' title='bbox 911 3051 925 3077; x_wconf 62' lang='grc' dir='ltr'><em>ν</em></span> <span class='ocrx_word' id='word_1_235' title='bbox 938 3032 1040 3084; x_wconf 75' lang='grc' dir='ltr'><strong>ΗΕ1111.</strong></span> 
     </span>
     <span class='ocr_line' id='line_1_28' title="bbox 132 3108 1201 3186; baseline -0.004 -16"><span class='ocrx_word' id='word_1_236' title='bbox 132 3117 233 3170; x_wconf 85' lang='lat' dir='ltr'>brorum</span> <span class='ocrx_word' id='word_1_237' title='bbox 248 3115 348 3186; x_wconf 84' lang='lat' dir='ltr'>gratia:</span> <span class='ocrx_word' id='word_1_238' title='bbox 361 3113 529 3168; x_wconf 67' lang='lat' dir='ltr'>laudatissimi</span> <span class='ocrx_word' id='word_1_239' title='bbox 541 3115 639 3169; x_wconf 87' lang='lat' dir='ltr'>suntin</span> <span class='ocrx_word' id='word_1_240' title='bbox 721 3126 762 3160; x_wconf 83' lang='lat'>²⁰·</span> <span class='ocrx_word' id='word_1_241' title='bbox 770 3111 829 3164; x_wconf 70' lang='lat' dir='ltr'>Dei.</span> <span class='ocrx_word' id='word_1_242' title='bbox 838 3109 950 3179; x_wconf 75' lang='lat' dir='ltr'>Augusti</span> <span class='ocrx_word' id='word_1_243' title='bbox 961 3108 1086 3164; x_wconf 75' lang='lat' dir='ltr'>Caesarist</span> <span class='ocrx_word' id='word_1_244' title='bbox 1096 3130 1159 3164; x_wconf 84' lang='lat' dir='ltr'>nam</span> <span class='ocrx_word' id='word_1_245' title='bbox 1168 3131 1201 3166; x_wconf 88' lang='lat' dir='ltr'>eo</span> 
     </span>
     <span class='ocr_line' id='line_1_29' title="bbox 134 3187 1203 3266; baseline 0.001 -21"><span class='ocrx_word' id='word_1_246' title='bbox 134 3187 312 3266; x_wconf 69' lang='lat' dir='ltr'>lielo,Sc5ro‚</span> <span class='ocrx_word' id='word_1_247' title='bbox 322 3202 348 3245; x_wconf 90' lang='lat' dir='ltr'>et</span> <span class='ocrx_word' id='word_1_248' title='bbox 358 3190 450 3244; x_wconf 84' lang='lat' dir='ltr'>AEoliis</span> <span class='ocrx_word' id='word_1_249' title='bbox 458 3192 548 3246; x_wconf 88' lang='lat' dir='ltr'>insulis</span> <span class='ocrx_word' id='word_1_250' title='bbox 557 3212 563 3245; x_wconf 90' lang='lat'><strong>:</strong></span> <span class='ocrx_word' id='word_1_251' title='bbox 572 3211 640 3262; x_wconf 81' lang='lat' dir='ltr'>pro-</span> <span class='ocrx_word' id='word_1_252' title='bbox 688 3205 770 3257; x_wconf 74' lang='lat' dir='ltr'>usque</span> <span class='ocrx_word' id='word_1_253' title='bbox 783 3191 907 3259; x_wconf 83' lang='lat' dir='ltr'>processit</span> <span class='ocrx_word' id='word_1_254' title='bbox 916 3211 956 3244; x_wconf 85' lang='lat' dir='ltr'>ars</span> <span class='ocrx_word' id='word_1_255' title='bbox 967 3195 1135 3252; x_wconf 77' lang='lat' dir='ltr'>assentatorie</span> <span class='ocrx_word' id='word_1_256' title='bbox 1145 3234 1152 3259; x_wconf 89' lang='lat'>‚</span> <span class='ocrx_word' id='word_1_257' title='bbox 1161 3193 1203 3248; x_wconf 84' lang='lat' dir='ltr'>vel</span> 
     </span>
     <span class='ocr_line' id='line_1_30' title="bbox 134 3267 1203 3340; baseline 0.004 -17"><span class='ocrx_word' id='word_1_258' title='bbox 134 3269 196 3326; x_wconf 85' lang='lat' dir='ltr'>batio</span> <span class='ocrx_word' id='word_1_259' title='bbox 205 3273 234 3325; x_wconf 89' lang='lat' dir='ltr'>iu</span> <span class='ocrx_word' id='word_1_260' title='bbox 244 3269 370 3337; x_wconf 87' lang='lat' dir='ltr'>candore,</span> <span class='ocrx_word' id='word_1_261' title='bbox 383 3269 563 3323; x_wconf 84' lang='lat' dir='ltr'>etinminimo</span> <span class='ocrx_word' id='word_1_262' title='bbox 572 3289 642 3340; x_wconf 82' lang='lat' dir='ltr'>pon-</span> <span class='ocrx_word' id='word_1_263' title='bbox 688 3267 775 3337; x_wconf 85' lang='lat' dir='ltr'>potius</span> <span class='ocrx_word' id='word_1_264' title='bbox 782 3269 885 3338; x_wconf 86' lang='lat' dir='ltr'>politica</span> <span class='ocrx_word' id='word_1_265' title='bbox 894 3281 938 3338; x_wconf 87' lang='lat' dir='ltr'>,ut</span> <span class='ocrx_word' id='word_1_266' title='bbox 944 3289 1103 3340; x_wconf 83' lang='lat' dir='ltr'>eum‚quem</span> <span class='ocrx_word' id='word_1_267' title='bbox 1112 3272 1203 3327; x_wconf 84' lang='lat' dir='ltr'>nolue-</span> 
     </span>
     <span class='ocr_line' id='line_1_31' title="bbox 136 3344 1202 3418; baseline 0.009 -20"><span class='ocrx_word' id='word_1_268' title='bbox 136 3346 206 3417; x_wconf 87' lang='lat' dir='ltr'>dere,</span> <span class='ocrx_word' id='word_1_269' title='bbox 222 3358 250 3401; x_wconf 87' lang='lat' dir='ltr'>et</span> <span class='ocrx_word' id='word_1_270' title='bbox 262 3356 294 3400; x_wconf 87' lang='lat' dir='ltr'>ut</span> <span class='ocrx_word' id='word_1_271' title='bbox 301 3365 381 3415; x_wconf 90' lang='lat' dir='ltr'>quam</span> <span class='ocrx_word' id='word_1_272' title='bbox 388 3346 501 3400; x_wconf 84' lang='lat' dir='ltr'>maxime</span> <span class='ocrx_word' id='word_1_273' title='bbox 510 3344 641 3416; x_wconf 85' lang='lat' dir='ltr'>spongiosi</span> <span class='ocrx_word' id='word_1_274' title='bbox 689 3348 1202 3418; x_wconf 79' lang='lat' dir='ltr'>rautregemaccipere‚Deumfecerint.</span> 
     </span>
     <span class='ocr_line' id='line_1_32' title="bbox 136 3419 1202 3503; baseline 0.01 -27"><span class='ocrx_word' id='word_1_275' title='bbox 136 3419 205 3494; x_wconf 83' lang='lat' dir='ltr'>atque</span> <span class='ocrx_word' id='word_1_276' title='bbox 216 3423 283 3478; x_wconf 86' lang='lat' dir='ltr'>aridi</span> <span class='ocrx_word' id='word_1_277' title='bbox 289 3425 357 3492; x_wconf 87' lang='lat' dir='ltr'>sint,</span> <span class='ocrx_word' id='word_1_278' title='bbox 367 3444 396 3477; x_wconf 87' lang='lat' dir='ltr'>ac</span> <span class='ocrx_word' id='word_1_279' title='bbox 404 3423 453 3478; x_wconf 84' lang='lat' dir='ltr'>teri</span> <span class='ocrx_word' id='word_1_280' title='bbox 461 3424 547 3478; x_wconf 82' lang='lat' dir='ltr'>faciles</span> <span class='ocrx_word' id='word_1_281' title='bbox 555 3445 562 3488; x_wconf 78' lang='lat'>¹,</span> <span class='ocrx_word' id='word_1_282' title='bbox 570 3422 643 3477; x_wconf 88' lang='lat' dir='ltr'>unde</span> <span class='ocrx_word' id='word_1_283' title='bbox 722 3445 816 3480; x_wconf 75' lang='lat'>21-22.</span> <span class='ocrx_word' id='word_1_284' title='bbox 829 3425 1202 3503; x_wconf 73' lang='lat' dir='ltr'>Tequeitatutacitus.Scripti</span> 
     </span>
     <span class='ocr_line' id='line_1_33' title="bbox 136 3502 1202 3572; baseline 0.006 -15"><span class='ocrx_word' id='word_1_285' title='bbox 136 3502 242 3558; x_wconf 81' lang='lat' dir='ltr'>Ovidius</span> <span class='ocrx_word' id='word_1_286' title='bbox 249 3522 306 3559; x_wconf 89' lang='lat' dir='ltr'>uon</span> <span class='ocrx_word' id='word_1_287' title='bbox 315 3502 449 3557; x_wconf 86' lang='lat' dir='ltr'>immerito</span> <span class='ocrx_word' id='word_1_288' title='bbox 458 3542 465 3569; x_wconf 89' lang='lat'>‚</span> <span class='ocrx_word' id='word_1_289' title='bbox 471 3503 593 3572; x_wconf 77' lang='lat' dir='ltr'>fragilem</span> <span class='ocrx_word' id='word_1_290' title='bbox 600 3520 642 3572; x_wconf 84' lang='lat' dir='ltr'>ap·</span> <span class='ocrx_word' id='word_1_291' title='bbox 689 3502 817 3570; x_wconf 77' lang='lat' dir='ltr'>Atqneita</span> <span class='ocrx_word' id='word_1_292' title='bbox 825 3513 867 3567; x_wconf 80' lang='lat' dir='ltr'>tu,</span> <span class='ocrx_word' id='word_1_293' title='bbox 879 3504 920 3557; x_wconf 84' lang='lat' dir='ltr'>vel</span> <span class='ocrx_word' id='word_1_294' title='bbox 929 3515 967 3558; x_wconf 81' lang='lat' dir='ltr'>te:</span> <span class='ocrx_word' id='word_1_295' title='bbox 975 3507 1056 3559; x_wconf 86' lang='lat' dir='ltr'>codex</span> <span class='ocrx_word' id='word_1_296' title='bbox 1064 3507 1202 3565; x_wconf 90' lang='lat' dir='ltr'>Barberin.</span> 
     </span>
     <span class='ocr_line' id='line_1_34' title="bbox 136 3582 1202 3657; baseline 0.012 -27"><span class='ocrx_word' id='word_1_297' title='bbox 136 3583 239 3650; x_wconf 60' lang='lat' dir='ltr'>pellaris,</span> <span class='ocrx_word' id='word_1_298' title='bbox 689 3589 833 3647; x_wconf 76' lang='lat' dir='ltr'>praeterea,</span> <span class='ocrx_word' id='word_1_299' title='bbox 854 3582 899 3650; x_wconf 91' lang='lat' dir='ltr'>qui</span> <span class='ocrx_word' id='word_1_300' title='bbox 918 3582 988 3636; x_wconf 89' lang='lat' dir='ltr'>inter</span> <span class='ocrx_word' id='word_1_301' title='bbox 1006 3585 1128 3639; x_wconf 88' lang='lat' dir='ltr'>meliores</span> <span class='ocrx_word' id='word_1_302' title='bbox 1142 3600 1202 3657; x_wconf 86' lang='lat' dir='ltr'>est,</span> 
     </span>
     <span class='ocr_line' id='line_1_35' title="bbox 167 3658 1202 3730; baseline 0.004 -16"><span class='ocrx_word' id='word_1_303' title='bbox 167 3682 202 3715; x_wconf 80' lang='lat' dir='ltr'>ra.</span> <span class='ocrx_word' id='word_1_304' title='bbox 219 3663 324 3729; x_wconf 65' lang='lat' dir='ltr'>sparsa</span> <span class='ocrx_word' id='word_1_305' title='bbox 336 3664 422 3713; x_wconf 79' lang='lat' dir='ltr'>comis.</span> <span class='ocrx_word' id='word_1_306' title='bbox 440 3661 532 3711; x_wconf 59' lang='lat' dir='ltr'>Passa&amp;</span> <span class='ocrx_word' id='word_1_307' title='bbox 546 3658 642 3713; x_wconf 81' lang='lat' dir='ltr'>editio·</span> <span class='ocrx_word' id='word_1_308' title='bbox 689 3667 781 3710; x_wconf 77' lang='lat' dir='ltr'>cautas</span> <span class='ocrx_word' id='word_1_309' title='bbox 792 3659 924 3728; x_wconf 82' lang='lat' dir='ltr'>agnoscit3</span> <span class='ocrx_word' id='word_1_310' title='bbox 937 3659 970 3714; x_wconf 87' lang='lat' dir='ltr'>de</span> <span class='ocrx_word' id='word_1_311' title='bbox 983 3680 1036 3730; x_wconf 87' lang='lat' dir='ltr'>quo</span> <span class='ocrx_word' id='word_1_312' title='bbox 1048 3681 1109 3714; x_wconf 86' lang='lat' dir='ltr'>mox</span> <span class='ocrx_word' id='word_1_313' title='bbox 1122 3664 1202 3719; x_wconf 88' lang='lat' dir='ltr'>vide-</span> 
     </span>
     <span class='ocr_line' id='line_1_36' title="bbox 139 3735 1202 3814; baseline 0.008 -24"><span class='ocrx_word' id='word_1_314' title='bbox 139 3751 178 3793; x_wconf 70' lang='lat' dir='ltr'>&#39;ues</span> <span class='ocrx_word' id='word_1_315' title='bbox 184 3741 308 3810; x_wconf 82' lang='lat' dir='ltr'>antiquae,</span> <span class='ocrx_word' id='word_1_316' title='bbox 318 3752 345 3793; x_wconf 89' lang='lat' dir='ltr'>et</span> <span class='ocrx_word' id='word_1_317' title='bbox 353 3739 534 3808; x_wconf 83' lang='lat' dir='ltr'>interscriptos</span> <span class='ocrx_word' id='word_1_318' title='bbox 540 3738 642 3792; x_wconf 90' lang='lat' dir='ltr'>codices</span> <span class='ocrx_word' id='word_1_319' title='bbox 689 3735 777 3789; x_wconf 84' lang='lat' dir='ltr'>bimus</span> <span class='ocrx_word' id='word_1_320' title='bbox 789 3755 795 3788; x_wconf 95' lang='lat'><strong>:</strong></span> <span class='ocrx_word' id='word_1_321' title='bbox 807 3743 902 3791; x_wconf 84' lang='lat' dir='ltr'>tacitus</span> <span class='ocrx_word' id='word_1_322' title='bbox 910 3739 982 3791; x_wconf 90' lang='lat' dir='ltr'>euim</span> <span class='ocrx_word' id='word_1_323' title='bbox 991 3739 1041 3793; x_wconf 88' lang='lat' dir='ltr'>dici</span> <span class='ocrx_word' id='word_1_324' title='bbox 1048 3740 1089 3792; x_wconf 83' lang='lat' dir='ltr'>vix</span> <span class='ocrx_word' id='word_1_325' title='bbox 1099 3753 1202 3814; x_wconf 82' lang='lat' dir='ltr'>potest,</span> 
     </span>
     <span class='ocr_line' id='line_1_37' title="bbox 138 3815 1201 3888; baseline 0.009 -21"><span class='ocrx_word' id='word_1_326' title='bbox 138 3818 206 3871; x_wconf 89' lang='lat' dir='ltr'>multi</span> <span class='ocrx_word' id='word_1_327' title='bbox 217 3819 317 3888; x_wconf 86' lang='lat' dir='ltr'>:probe</span> <span class='ocrx_word' id='word_1_328' title='bbox 330 3837 336 3871; x_wconf 92' lang='lat'><strong>:</strong></span> <span class='ocrx_word' id='word_1_329' title='bbox 350 3816 415 3869; x_wconf 84' lang='lat' dir='ltr'>nihil</span> <span class='ocrx_word' id='word_1_330' title='bbox 426 3815 589 3886; x_wconf 80' lang='lat' dir='ltr'>frequentius</span> <span class='ocrx_word' id='word_1_331' title='bbox 598 3835 642 3870; x_wconf 89' lang='lat' dir='ltr'>oc·</span> <span class='ocrx_word' id='word_1_332' title='bbox 691 3833 771 3883; x_wconf 89' lang='lat' dir='ltr'>quem</span> <span class='ocrx_word' id='word_1_333' title='bbox 784 3815 937 3885; x_wconf 85' lang='lat' dir='ltr'>loquentem</span> <span class='ocrx_word' id='word_1_334' title='bbox 946 3816 1046 3870; x_wconf 89' lang='lat' dir='ltr'>inducit</span> <span class='ocrx_word' id='word_1_335' title='bbox 1055 3839 1061 3882; x_wconf 89' lang='lat'>;</span> <span class='ocrx_word' id='word_1_336' title='bbox 1071 3831 1099 3872; x_wconf 88' lang='lat' dir='ltr'>et</span> <span class='ocrx_word' id='word_1_337' title='bbox 1108 3821 1201 3878; x_wconf 86' lang='lat' dir='ltr'>eadem</span> 
     </span>
     <span class='ocr_line' id='line_1_38' title="bbox 140 3894 1202 3966; baseline 0.013 -22"><span class='ocrx_word' id='word_1_338' title='bbox 140 3896 212 3949; x_wconf 77' lang='lat' dir='ltr'>currit</span> <span class='ocrx_word' id='word_1_339' title='bbox 218 3895 287 3966; x_wconf 87' lang='lat' dir='ltr'>apud</span> <span class='ocrx_word' id='word_1_340' title='bbox 295 3894 642 3950; x_wconf 80' lang='lat' dir='ltr'>Nasonemflainiensisco·</span> <span class='ocrx_word' id='word_1_341' title='bbox 690 3913 740 3948; x_wconf 84' lang='lat' dir='ltr'>vox</span> <span class='ocrx_word' id='word_1_342' title='bbox 752 3894 830 3965; x_wconf 89' lang='lat' dir='ltr'>paulo</span> <span class='ocrx_word' id='word_1_343' title='bbox 842 3906 899 3966; x_wconf 87' lang='lat' dir='ltr'>post</span> <span class='ocrx_word' id='word_1_344' title='bbox 910 3897 1020 3950; x_wconf 87' lang='lat' dir='ltr'>iteratur</span> <span class='ocrx_word' id='word_1_345' title='bbox 1032 3899 1119 3956; x_wconf 85' lang='lat' dir='ltr'>minus</span> <span class='ocrx_word' id='word_1_346' title='bbox 1131 3924 1202 3957; x_wconf 87' lang='lat' dir='ltr'>con-</span> 
     </span>
     <span class='ocr_line' id='line_1_39' title="bbox 141 3973 1201 4044; baseline 0.013 -22"><span class='ocrx_word' id='word_1_347' title='bbox 141 3990 187 4025; x_wconf 80' lang='lat' dir='ltr'>nas</span> <span class='ocrx_word' id='word_1_348' title='bbox 197 3993 244 4044; x_wconf 88' lang='lat' dir='ltr'>pro</span> <span class='ocrx_word' id='word_1_349' title='bbox 256 3973 359 4027; x_wconf 84' lang='lat' dir='ltr'>diversa</span> <span class='ocrx_word' id='word_1_350' title='bbox 369 3973 496 4035; x_wconf 87' lang='lat' dir='ltr'>lectione;</span> <span class='ocrx_word' id='word_1_351' title='bbox 509 3983 539 4026; x_wconf 92' lang='lat' dir='ltr'>ut</span> <span class='ocrx_word' id='word_1_352' title='bbox 548 3974 643 4026; x_wconf 88' lang='lat' dir='ltr'>usitato</span> <span class='ocrx_word' id='word_1_353' title='bbox 691 3974 777 4026; x_wconf 88' lang='lat' dir='ltr'>cinne.</span> <span class='ocrx_word' id='word_1_354' title='bbox 789 3975 1090 4043; x_wconf 77' lang='lat' dir='ltr'>Huius.·-Atque1&#39;latu</span> <span class='ocrx_word' id='word_1_355' title='bbox 1100 3987 1201 4036; x_wconf 79' lang='lat' dir='ltr'>tacitus.</span> 
     </span>
     <span class='ocr_line' id='line_1_40' title="bbox 143 4052 1202 4128; baseline 0.005 -21"><span class='ocrx_word' id='word_1_356' title='bbox 143 4054 264 4118; x_wconf 78' lang='lat' dir='ltr'>graedsmo</span> <span class='ocrx_word' id='word_1_357' title='bbox 285 4052 419 4107; x_wconf 77' lang='lat' dir='ltr'>videatur</span> <span class='ocrx_word' id='word_1_358' title='bbox 433 4053 618 4122; x_wconf 84' lang='lat' dir='ltr'>reponendum</span> <span class='ocrx_word' id='word_1_359' title='bbox 632 4073 640 4109; x_wconf 74' lang='lat' dir='ltr'>a</span> <span class='ocrx_word' id='word_1_360' title='bbox 691 4052 732 4106; x_wconf 91' lang='lat' dir='ltr'>Ut</span> <span class='ocrx_word' id='word_1_361' title='bbox 740 4052 824 4106; x_wconf 89' lang='lat' dir='ltr'>ordo:</span> <span class='ocrx_word' id='word_1_362' title='bbox 837 4062 914 4120; x_wconf 87' lang='lat' dir='ltr'>atque</span> <span class='ocrx_word' id='word_1_363' title='bbox 924 4052 960 4105; x_wconf 87' lang='lat' dir='ltr'>ita</span> <span class='ocrx_word' id='word_1_364' title='bbox 970 4055 1062 4110; x_wconf 84' lang='lat' dir='ltr'>tacitus</span> <span class='ocrx_word' id='word_1_365' title='bbox 1073 4060 1202 4128; x_wconf 85' lang='lat' dir='ltr'>quaerenti</span> 
     </span>
     <span class='ocr_line' id='line_1_41' title="bbox 144 4131 1201 4206; baseline 0.008 -22"><span class='ocrx_word' id='word_1_366' title='bbox 144 4132 370 4206; x_wconf 76' lang='lat' dir='ltr'>«Hirsutuspessas</span> <span class='ocrx_word' id='word_1_367' title='bbox 378 4134 519 4188; x_wconf 82' lang='lat' dir='ltr'>utvideare</span> <span class='ocrx_word' id='word_1_368' title='bbox 528 4153 643 4188; x_wconf 83' lang='lat' dir='ltr'>comas.»</span> <span class='ocrx_word' id='word_1_369' title='bbox 691 4133 781 4202; x_wconf 86' lang='lat' dir='ltr'>plura,</span> <span class='ocrx_word' id='word_1_370' title='bbox 794 4142 819 4184; x_wconf 90' lang='lat' dir='ltr'>te</span> <span class='ocrx_word' id='word_1_371' title='bbox 829 4131 972 4200; x_wconf 84' lang='lat' dir='ltr'>legendum</span> <span class='ocrx_word' id='word_1_372' title='bbox 983 4135 1055 4190; x_wconf 86' lang='lat' dir='ltr'>dabis</span> <span class='ocrx_word' id='word_1_373' title='bbox 1067 4156 1073 4190; x_wconf 89' lang='lat'><strong>:</strong></span> <span class='ocrx_word' id='word_1_374' title='bbox 1084 4158 1118 4191; x_wconf 85' lang='lat' dir='ltr'>ue</span> <span class='ocrx_word' id='word_1_375' title='bbox 1131 4137 1201 4192; x_wconf 82' lang='lat' dir='ltr'>sorte</span> 
     </span>
     <span class='ocr_line' id='line_1_42' title="bbox 144 4203 1200 4287; baseline 0.013 -27"><span class='ocrx_word' id='word_1_376' title='bbox 144 4203 627 4269; x_wconf 65' lang='lat' dir='ltr'>Moretiarnseatietmeliores.lintea</span> <span class='ocrx_word' id='word_1_377' title='bbox 692 4212 800 4282; x_wconf 72' lang='lat' dir='ltr'>loqum</span> <span class='ocrx_word' id='word_1_378' title='bbox 811 4231 856 4280; x_wconf 85' lang='lat' dir='ltr'>ea,</span> <span class='ocrx_word' id='word_1_379' title='bbox 870 4231 929 4282; x_wconf 74' lang='lat' dir='ltr'>quo</span> <span class='ocrx_word' id='word_1_380' title='bbox 936 4232 993 4270; x_wconf 83' lang='lat' dir='ltr'>uon</span> <span class='ocrx_word' id='word_1_381' title='bbox 1001 4227 1040 4272; x_wconf 83' lang='lat' dir='ltr'>est</span> <span class='ocrx_word' id='word_1_382' title='bbox 1048 4236 1112 4286; x_wconf 89' lang='lat' dir='ltr'>opus</span> <span class='ocrx_word' id='word_1_383' title='bbox 1120 4217 1200 4287; x_wconf 75' lang='lat' dir='ltr'>loqui,</span> 
     </span>
    </p>
   </div>
   <div class='ocr_carea' id='block_1_6' title="bbox 0 0 1344 4816">
    <p class='ocr_par' dir='ltr' id='par_1_6' title="bbox 0 0 1344 4816">
     <span class='ocr_line' id='line_1_43' title="bbox 0 0 1344 4816; baseline 0 0"><span class='ocrx_word' id='word_1_384' title='bbox 0 0 1344 4816; x_wconf 95' lang='lat' dir='ltr'> </span> 
     </span>
    </p>
   </div>
  </div>
 </body>
</html>
