2624 4816
272 384 545 452 TRISTIU'M
567 387 667 452 LiB.
695 387 724 451 1.
752 386 903 454 ELEG.
937 388 967 454 1.

128 527 223 624 Quas
238 525 378 614 memit',
396 553 512 626 poents
525 525 590 624 jam
608 524 701 600 dedit
716 524 807 600 illud
816 556 917 629 opus..

80 642 233 716 Forsitan
250 658 442 743 exspectes,
459 668 503 741 an
521 639 556 713 in
572 638 638 714 alta
656 639 779 741 palatia
794 642 933 716 mmsnm

127 758 291 833 Scandere
311 775 343 830 te
355 756 506 856 jubeam,
525 758 772 859 Caesareamque
789 758 936 832 domum.

79 875 258 969 Ignoscant
274 889 417 968 augusta
431 873 514 947 milri
531 870 620 963 loca,
637 874 748 974 Dique
764 872 939 948 locorum:

127 991 230 1064 Venit
245 991 281 1063 in
298 989 362 1062 hoc
379 987 436 1062 illa
452 987 578 1063 fulmen
596 989 637 1063 ab
656 1018 730 1065 arce
747 1007 863 1092 caput·

80 1107 161 1179 Esse
179 1105 315 1206 quidem
330 1104 465 1179 memini
482 1105 656 1181 mitissima
674 1106 810 1182 sedibus
828 1105 896 1181 illis
967 1155 969 1161 ,

125 1222 297 1296 Numina:
314 1222 374 1297 sed
390 1222 507 1310 timeo,
525 1221 582 1323 qui
599 1249 763 1310 nocuere,
781 1223 883 1297 Deos

80 1341 237 1415 Terretur
250 1340 389 1415 minimo
405 1368 522 1441 pennae
538 1339 679 1415 stridore
699 1338 874 1430 columba,

125 1459 327 1554 Unguibus,
340 1458 519 1559 accipiter,
536 1457 646 1533 saucia
661 1457 749 1532 facta
765 1458 842 1533 tuis.

80 1576 146 1649 Nec
163 1573 283 1676 procul
298 1602 318 1648 a
335 1573 479 1648 stabulis
499 1573 600 1648 audet
617 1572 784 1660 secedere,
803 1574 832 1647 si
848 1601 917 1674 qua

127 1693 276 1766 Excussa
291 1708 341 1766 est
357 1689 444 1764 avidi
462 1690 619 1765 dentibus
636 1719 720 1787 agna
737 1689 820 1792 lupi.

81 1804 207 1879 Vitaret
223 1804 340 1880 celum
354 1806 521 1894 phaeton,
540 1806 569 1880 si
586 1807 726 1895 viveret,
744 1823 778 1880 et
794 1835 880 1907 quos

128 1925 272 2023 Optarat
288 1921 389 1996 stulte
401 1978 415 2011 ,,
429 1920 683 2024 tangerefnollet
700 1948 815 2024 equos.
1004 2016 1005 2022 ἵ
1117 1945 1152 2009 ao

84 2041 137 2114 Me
153 2068 305 2141 quoque,
323 2067 397 2140 quae
415 2039 524 2127 sensi,
542 2037 649 2114 lateor
663 2039 760 2113 Jovis
773 2067 865 2112 arma
878 2038 1014 2113 timere:

127 2155 185 2227 Me
199 2182 277 2227 reor
295 2151 435 2242 infesto,
455 2181 558 2254 quum
576 2171 685 2258 tonat,
704 2153 778 2248 igne
796 2153 875 2254 peti.
946 2202 957 2223 .
1110 2253 1112 2255 ¹

83 2261 294 2372 Quicumque
308 2269 466 2366 Argolica
483 2270 525 2344 de
542 2270 644 2345 classe
661 2271 831 2372 Capharea
847 2268 950 2366 fugit,
1016 2341 1019 2344 .

110 2445 152 2516 fige,
164 2448 208 2499 Aa
220 2449 249 2498 iu
262 2447 318 2499 alta
328 2449 438 2513 palatia.
454 2446 491 2497 Ut
500 2449 527 2497 in
535 2448 591 2498 altu
637 2444 731 2514 ingens
749 2445 839 2500 mitius
858 2444 930 2499 orbis
941 2443 1029 2498 habet.
1045 2465 1059 2492 u
1077 2444 1151 2497 Tum

81 2527 211 2583 lunianus
223 2549 230 2585 ε
243 2528 343 2598 placet;
356 2527 392 2580 sic
403 2525 447 2580 lib.
463 2527 505 2579 lll
517 2525 590 2580 Artis
638 2535 665 2577 et
672 2523 726 2578 aliis
737 2524 866 2592 locisejus
876 2523 1045 2576 clementiam
1054 2522 1149 2576 laudat.

82 2605 223 2661 Amatoria
235 2626 241 2660 ε
254 2607 358 2660 Scilicet
365 2615 511 2672 exspectas,
525 2615 555 2658 ut
565 2614 590 2658 te
671 2625 710 2674 77.
731 2606 761 2657 dl'
771 2611 824 2671 qua'
840 2612 958 2664 veteres;
978 2600 1019 2653 alii
1038 2601 1070 2654 St
1080 2620 1149 2670 que:

80 2689 105 2738 lu
114 2691 231 2739 convinit
243 2689 342 2739 ducam.
355 2685 456 2737 Huius.
637 2687 751 2737 secedere
760 2682 841 2736 etiam
851 2679 1082 2734 Thuaueusliher:
1095 2679 1149 2735 duo

106 2783 143 2831 7¹·
151 2764 277 2831 Augusta.
285 2764 427 2830 Augustum
436 2770 590 2814 sanctumet
638 2760 681 2815 alii
693 2764 817 2814 decederet
830 2759 932 2814 Herse.

78 2838 476 2910 religiosumsignificat;0v.in
484 2839 586 2904 Fastl,
669 2842 709 2894 80.
735 2842 848 2908 Tangere
865 2841 949 2892 nollet.
964 2840 1073 2906 Iungere
1090 2839 1151 2893 lra-

79 2917 588 2991 ⁶092«sancta‘vocanraugmtapatm,
638 2926 777 2988 gmentune
789 2916 1024 2982 Boxhornianum,
1041 2927 1071 2969 ut
1083 2916 1150 2970 Met.

81 3009 185 3067 augusta
200 3009 330 3052 vocantur
344 2997 455 3066 Templa
467 2995 591 3050 sacerdo-
639 2996 684 3061 ll,
697 3007 763 3049 vers.
779 2996 826 3050 ut
840 3015 848 3049 ι
863 2997 973 3063 langere
982 3013 1058 3063 equos
1074 2997 1150 3049 rua

81 3083 135 3128 tum
142 3077 193 3129 rite
198 3076 284 3129 dicata
290 3095 380 3129 manu.
389 3099 402 3123 u
411 3075 508 3130 Etloca
520 3092 589 3144 quo·
637 3079 764 3130 uelocibus
774 3081 880 3142 empta!
890 3077 976 3128 lions.
987 3074 1089 3128 Herse.
1112 3119 1117 3124 .

80 3152 271 3224 quereligiosa,
282 3164 311 3207 et
320 3155 348 3206 in
359 3154 453 3223 quibus
462 3163 594 3222 augurato·
671 3157 711 3209 81.
727 3153 1015 3224 ArmaJorr's.llugusti
1024 3153 1099 3206 iram.

81 3229 139 3297 quid
151 3242 333 3297 consecratur,
345 3241 455 3299 augusta
466 3230 591 3284 &cuntur
671 3235 712 3287 83.
729 3236 881 3301 Quicmque
893 3236 1015 3302 Argolica
1026 3237 1057 3286 de
1065 3237 1151 3286 classe

82 3311 110 3363 ab
121 3322 216 3378 auctu,
231 3311 273 3365 ’vel
281 3311 312 3364 ab
323 3310 412 3364 arium
422 3320 495 3380 gestu
504 3319 591 3380 gustu·
638 3311 862 3379 Caphareafagit,
876 3321 925 3365 etc
936 3310 1022 3365 Graeci
1029 3330 1149 3380 quoque,

83 3408 119 3442 vc.
128 3395 337 3460 Diquelocorum.
348 3389 500 3462 Apollinem
508 3389 590 3442 Palat.
637 3391 683 3459 qui
695 3388 777 3443 semel
792 3399 975 3458 tempestatem
989 3398 1148 3454 evaserunt,

81 3467 305 3536 Dianam‚Jovem
312 3468 590 3538 opt.max.Junonem,
638 3467 707 3537 apud
726 3477 848 3520 montem
866 3465 1024 3535 Capherea,
1046 3484 1151 3534 semper

81 3545 247 3614 Minervam,
270 3546 336 3601 alios
351 3547 425 3600 Deos
439 3546 563 3615 Deosque
581 3564 588 3599 τ
637 3544 694 3599 loca
706 3544 749 3597 illa
761 3545 888 3599 devitant.
903 3544 1009 3613 Quibus
1027 3543 1151 3613 exemplis

80 3624 222 3694 remotius,
233 3623 350 3694 intellige
360 3625 510 3694 Augustum
522 3663 530 3691 ,
544 3624 593 3694 qui
637 3625 736 3695 colligit
744 3663 752 3691 ‚
760 3644 792 3679 ee
805 3643 911 3695 quoque
923 3623 994 3689 loca,
1010 3621 1080 3675 unde
1092 3622 1150 3676 sul-

81 3704 166 3760 vivens
178 3706 282 3760 divinos
293 3705 390 3759 meruit
402 3705 523 3759 honores.
637 3703 711 3756 mine
718 3712 862 3772 prostratus
869 3713 917 3768 est,
925 3700 1017 3770 lugere
1024 3700 1151 3755 statuisse.

113 3804 150 3852 7²·
158 3786 283 3849 Fulmen
299 3784 332 3838 de
344 3783 433 3849 exsilio
442 3803 491 3837 suo
502 3782 591 3853 loqui-
639 3781 709 3835 Sane
722 3780 848 3850 Nauplius
859 3778 1006 3834 Palamedis
1018 3789 1107 3848 pater,
1120 3789 1152 3832 ut

83 3871 132 3930 tur,
140 3882 192 3932 quo
199 3864 370 3933 abAuguato,
380 3863 453 3932 quasi
460 3863 589 3932 fulmine,
638 3858 686 3913 filii
697 3859 738 3913 sui
750 3853 842 3913 necem
856 3859 1036 3923 ulcisceretur,
1050 3858 1149 3911 elevata

82 3943 252 4009 proturbatus.
638 3939 723 3994 facula
739 3938 844 4010 signum
859 3937 937 3991 dedit
958 3959 988 3992 ex
1010 3938 1151 4008 Caphereo

99 4018 455 4091 pdEssequidemdiclibN,
463 4020 590 4091 El.11,37,
640 4019 747 4073 Euboece
755 4016 956 4087 promontorio,
969 4016 1068 4073 Grecis
1077 4036 1151 4070 nan-

85 4097 114 4150 at
123 4118 245 4155 morem:
258 4121 272 4147 s
286 4097 362 4167 Quid
373 4096 474 4153 dubitas
483 4100 589 4155 etadire
637 4099 723 4169 {ragio
734 4097 911 4152 laborantibus
924 4119 931 4163 3
950 4099 997 4168 qui
1014 4099 1152 4152 credentes

85 4173 281 4236 limesiaccede
293 4194 408 4246 rugaque
421 4195 427 4234 t
440 4175 591 4234 Cmamnil
635 4175 861 4249 ignibusindicori
868 4187 974 4247 portum
981 4177 1151 4243 tutissimum,
