2624 4816
114 395 179 462 318
396 397 437 460 P.
463 393 641 463 OVIDII
664 394 891 464 NASONIS

114 534 185 631 Qui
201 533 331 635 rapitur
347 533 446 621 fatis,
465 532 545 633 qnid
562 551 681 633 praeter
697 533 763 607 fata
777 536 954 635 requirat?

163 650 254 751 Saepe
272 668 362 724 creat
377 647 494 723 molles
511 677 625 750 aspera
643 650 736 750 spina
754 679 857 724 rosas.

116 768 186 865 Qui
204 768 334 868 rapitur
350 785 524 868 spumante
540 767 630 857 salo,
648 796 706 841 sua
726 768 861 842 brachia
878 771 968 844 cauti

162 884 328 978 Porrigit‚
354 903 388 958 et
405 883 517 986 spinas
532 884 681 985 duraque
698 913 773 958 saxa
790 886 888 986 capit.

117 999 320 1100 Accipitrem
338 1019 488 1074 metuens
506 1001 626 1102 pennis
642 999 886 1101 trepidantibus
902 1000 970 1076 ales

164 1113 277 1187 Audet
294 1114 334 1187 ad
351 1115 514 1190 humanos
530 1117 614 1189 fessa
632 1117 741 1188 venire
759 1117 874 1191 sinus:
922 1140 925 1145 ’

115 1232 184 1304 Nec
202 1256 236 1302 se
254 1229 364 1303 vicino
381 1230 513 1304 dubitat
529 1231 734 1305 committere
751 1249 857 1320 tecto,

168 1350 252 1446 Quae
268 1348 354 1444 sugit
369 1350 508 1423 infestos
524 1350 637 1423 territa
656 1378 750 1423 cerva
769 1377 875 1423 canes.

121 1469 193 1552 Da,
210 1494 343 1566 precor,
357 1494 523 1540 accessum
541 1465 716 1565 lacrymis,
735 1466 922 1554 mitissime,
941 1468 1085 1556 nostris,

169 1585 239 1656 Nec
256 1582 397 1677 rigidam
414 1581 538 1654 timidis
556 1580 693 1654 vocibus
712 1580 800 1653 obde
816 1581 942 1669 forem3

61 1779 62 1782 Ἴ
121 1699 299 1798 Verbaque
314 1715 426 1770 nostra
441 1697 554 1770 favens
570 1700 721 1772 Romana
736 1698 777 1770 ad
792 1699 929 1771 numina
946 1700 1068 1798 perfer,

169 1817 249 1886 Non
265 1811 328 1883 tibi
343 1809 486 1910 Tarpeio
505 1809 594 1883 culta
611 1829 750 1885 tonante
764 1814 898 1886 minus:

125 1930 343 2029 Mandatiqne
360 1928 424 2001 mei
443 1926 569 2022 legatus
587 1928 716 2030 suscipe
733 1956 886 2014 causam;

172 2043 272 2118 Nulla
289 2071 363 2116 meo
380 2040 528 2142 quamvis
546 2042 681 2116 nomine
698 2071 794 2116 causa
811 2043 901 2114 bona
917 2058 977 2113 est.

125 2162 201 2233 Iam
219 2185 325 2259 prope
342 2154 531 2256 depositus,
550 2174 636 2228 certe
650 2157 717 2254 jam
734 2155 893 2250 frigidus,
911 2183 996 2250 aegre

59 2372 61 2380 s
159 2347 199 2400 33.
215 2345 268 2410 Qui
276 2346 372 2409 rapitur
374 2339 452 2406 fatte.
464 2340 592 2393 Nonnulli
605 2360 636 2393 ex
684 2359 757 2406 rosa,
768 2339 817 2393 hoc
826 2349 877 2399 est,
892 2357 923 2390 ex
934 2336 999 2391 tristi
1012 2338 1068 2390 lato
1078 2336 1177 2406 plerum-

128 2425 241 2494 antiquis
264 2423 390 2477 omittunt
411 2419 461 2475 hoc
484 2421 611 2474 distichon
627 2441 634 2483 ;
686 2439 736 2488 que
748 2419 862 2472 nascitur
878 2418 976 2471 letum.
994 2417 1099 2486 Quibus
1109 2415 1178 2470 vertis

129 2502 236 2574 quidam
243 2501 400 2571 proximum.
412 2497 502 2550 Aliiex
511 2498 636 2550 ambobus
687 2497 818 2566 designat,
829 2515 902 2566 posse
911 2495 1028 2550 accidere
1038 2506 1081 2562 ‚ut
1089 2494 1179 2548 adversa

129 2601 214 2636 unum
234 2579 334 2632 faciunt
355 2587 466 2644 utroque
487 2575 637 2628 mediorum
686 2585 771 2644 poetae
780 2575 904 2640 fortuna,
917 2573 937 2626 si
945 2573 1097 2642 confugerit
1107 2571 1181 2625 adho-

128 2676 252 2713 versuum
264 2656 367 2709 omisso.
376 2653 433 2722 Ego
445 2663 587 2720 utrumque
597 2651 638 2703 di·
687 2664 737 2706 stes
747 2652 878 2717 offensos,
891 2661 1010 2704 mutetur
1018 2652 1045 2703 in
1056 2651 1152 2704 melius

130 2737 232 2791 stichon
253 2731 417 2802 superfluum
441 2740 468 2782 et
491 2728 638 2782 tollendum
722 2731 761 2800 87.
780 2732 934 2797 Accrjritrem
952 2730 1183 2794 metuens.Acc1'pr²

131 2833 187 2868 esse
199 2831 299 2865 censeo.
311 2809 391 2862 Certe
400 2809 428 2859 in
438 2805 594 2859 Sarraviano
604 2804 639 2857 ita
688 2819 796 2876 [remque
812 2813 902 2861 te'rnens
922 2806 1079 2860 vetustiores
1092 2827 1099 2869 3
1117 2803 1185 2859 sedsi

130 2892 266 2961 legebatur
278 2907 284 2941 :
298 2910 311 2932 ι(
323 2885 380 2954 Qui
387 2884 516 2952 rapitur...
524 2882 640 2951 P0rrlglt
689 2885 836 2955 superiores
846 2905 935 2938 versus
946 2885 1081 2950 tollantur,
1090 2883 1185 2953 vulgato

133 2982 160 3024 et
170 2970 257 3039 spinas
273 2967 390 3034 duraque
405 2983 478 3026 saxa;
497 2985 510 3010 s
523 2962 595 3015 hiatu
611 2961 639 3013 in
690 2964 795 3016 lectioni
813 2983 868 3015 non
885 2973 924 3016 est
938 2959 1072 3015 movenda
1087 2971 1186 3015 conno-

133 3049 220 3120 priore
229 3065 257 3098 ac
267 3043 409 3114 posteriore
416 3061 494 3095 versu
502 3040 641 3094 relicto.H.
691 3041 780 3095 versia.
795 3043 895 3095 Hirrus

135 3158 168 3169 —
185 3124 396 3192 Zinzerlingins‚
416 3122 547 3175 Promuls.
562 3120 642 3174 critic.
724 3121 763 3173 38.
776 3120 898 3172 Audeliu
910 3121 1042 3171 humanos.
1057 3120 1105 3172 Ad
1112 3120 1188 3170 maa·

134 3228 163 3262 ca
183 3247 189 3259 .
202 3204 288 3267 XLV,
301 3221 332 3253 eo
343 3201 463 3265 inclinat,
476 3210 505 3253 ut
515 3199 643 3268 posterius
691 3217 738 3252 nos
750 3198 846 3267 scripti.
860 3199 959 3251 Hnnts.

135 3282 264 3338 distichon
277 3289 363 3332 totum
375 3277 491 3344 abjiciat,
501 3277 572 3346 qnod
586 3296 643 3346 pro·
725 3280 765 3344 40.
775 3277 886 3344 Infestos
897 3295 981 3329 canes.
993 3275 1108 3341 Infiestas
1117 3272 1190 3327 Com-

136 3378 255 3416 manasse
265 3377 296 3410 ex
304 3355 391 3424 priore
404 3354 502 3407 credit:
515 3355 558 3408 cui
568 3353 643 3408 facile
691 3356 728 3409 bii
737 3367 764 3409 et
773 3354 890 3420 Feschii‚
903 3364 1007 3422 utsaepe
1016 3353 1077 3405 alibi
1090 3362 1180 3405 noster.

136 3434 645 3504 accedimus,adm0dumprobauteBur-
727 3438 767 3502 4²·
785 3439 892 3488 Vocibus
901 3436 964 3486 obde
966 3431 1060 3498 sorem.
1080 3434 1192 3486 obdere

136 3539 244 3576 manno.
692 3535 747 3567 ram
758 3524 860 3567 veteres
871 3513 996 3581 quinque.

170 3604 210 3668 34.
216 3601 325 3667 Pom'git
331 3598 369 3649 ad
371 3599 459 3662 spinas
465 3595 573 3661 duraque
579 3612 646 3644 saxa
728 3596 768 3659 44.
788 3595 893 3659 Tarpeio
909 3601 1019 3642 tonante.
1032 3590 1102 3643 Jove
1117 3586 1193 3657 Capi-

138 3700 235 3737 manus.
251 3678 325 3747 Qui,
342 3674 444 3744 inquit,
458 3672 517 3726 fatis
528 3672 644 3741 rapitur,
694 3672 784 3725 tolino.
799 3669 867 3722 Vide
877 3669 950 3737 Virg.
961 3668 1025 3720 AEn.
1036 3669 1123 3734 VIII,
1135 3666 1194 3725 6523

137 3761 204 3816 solet
221 3760 376 3825 cuicumque
389 3755 447 3806 loco
461 3751 540 3804 etiam
556 3767 647 3820 aspero
695 3759 722 3802 et
736 3749 834 3801 Lucan.
843 3746 933 3800 Phars.
945 3745 972 3812 I,
989 3746 1052 3817 1963
1066 3745 1102 3810 V,
1115 3743 1169 3797 306.

139 3857 232 3891 manus
243 3837 398 3898 admovere,
410 3842 440 3885 ut
451 3831 535 3899 majus
547 3827 648 3897 pericu·
729 3832 769 3897 45.
782 3832 893 3897 Legatos
903 3838 952 3882 etc.
961 3827 1013 3883 Vel
1025 3825 1152 3891 nuncius,
1161 3817 1196 3874 vel

139 3917 197 3970 lum
214 3917 301 3970 evitet.
318 3917 349 3969 ln
364 3912 537 3967 vetustissimo
552 3929 647 3962 exem·
698 3920 795 3963 orator.
1079 3911 1081 3914 ⁴

141 3995 205 4066 plari
220 3996 269 4050 hoc
282 4016 387 4050 cannen
401 3997 436 4048 ita
449 3992 563 4063 legitur,
581 3994 649 4059 Soepe
730 3991 769 4055 47.
781 3989 842 4039 Jam
852 3988 1083 4061 prope-depositus.
1102 3979 1196 4035 Conle-

141 4083 211 4128 creat
222 4078 308 4126 molles
320 4093 413 4143 aspera
426 4079 501 4142 spr'na
511 4087 601 4131 rosas,·
618 4079 650 4122 nt
698 4078 763 4131 ctus,
772 4059 1196 4132 exanimatus,sepultustsicPlaut·

140 4152 174 4209 sit
190 4170 281 4205 sensus
295 4171 343 4206 :ex
357 4152 437 4220 spinis
452 4171 519 4221 saepe
535 4148 649 4205 nascitur
702 4148 767 4201 Vae'no
774 4147 910 4214 depositus,
922 4142 948 4196 id
956 4153 1010 4210 est,
1019 4141 1093 4196 Vino
1099 4137 1196 4208 sopitus
