2624 4816
259 426 328 494 Ex
353 427 535 498 PONTO
560 430 655 498 LIB.
683 432 737 498 11.
762 433 929 502 EPIST.
956 440 984 503 1.
1090 439 1154 506 315

139 566 264 640 Omina
278 567 332 639 bis
349 567 437 643 dices
453 598 526 643 vera
541 570 644 644 fuisse
659 599 739 645 mea.

99 737 169 792 lucto
184 758 232 807 per
246 749 289 792 te:
302 740 342 792 vei
359 759 402 793 me
416 740 558 810 ineolumi,
573 756 599 798 et
681 745 720 797 68,
737 747 830 798 Omina
840 766 905 798 mea.
918 747 982 800 Mea
992 747 1159 801 vaticinia.-

99 815 603 890 1011interemptoasquia-Dabitur
647 823 698 874 Bis
711 823 781 874 dices
791 833 840 876 etc.
854 824 978 876 Narrabis
990 843 1033 877 me
1045 825 1085 878 bis
1097 844 1159 878 vera

99 897 197 958 emplis.
210 893 327 962 Templis
339 894 472 948 dicabitur.
485 897 599 951 Coronea
649 898 695 952 tibi
721 900 891 954 vaticinatum
912 901 1016 968 fuisse,
1038 913 1065 955 et
1088 901 1159 972 quod

99 971 163 1023 inim
171 972 403 1041 triumphaturisin
414 977 515 1045 templis
522 977 600 1046 depo·
649 977 814 1047 triumphum
823 980 932 1049 adeptus
941 980 1038 1046 fueris,
1054 981 1160 1050 etquod

98 1050 439 1106 rebantur.-l)abiturtua
448 1059 533 1108 laurea
540 1065 601 1109 lem·
651 1075 694 1108 nie
708 1059 869 1112 servaveris:
882 1058 915 1112 de
931 1059 1066 1130 triumpho
1078 1060 1162 1114 Tibe-

99 1129 476 1213 rlt's.Dabiturtibae'concinuins
485 1134 560 1185 rnuiti
568 1153 600 1186 ex
650 1134 700 1200 rii,
714 1136 746 1187 de
759 1156 812 1205 quo
823 1138 867 1191 lib.
879 1141 931 1205 Ν,
945 1140 1018 1209 Eteg.
1030 1158 1069 1204 ¹13
1085 1148 1113 1193 et
1127 1138 1160 1193 de

99 1204 207 1271 emptis,
219 1215 285 1270 ate,
299 1206 339 1258 vel
350 1227 398 1274 per
408 1219 433 1260 te
444 1209 555 1262 dabitur.
565 1211 600 1263 H.
651 1223 713 1278 tuo,
726 1213 900 1284 Germanice,
910 1217 954 1286 qui
963 1229 1105 1271 eventurus
1113 1229 1162 1272 est.

99 1370 1161 1414 ἦ

395 1512 750 1605 EPISTOLA
795 1522 866 1606 ΙΙ.

563 1683 703 1704 mm

447 1876 809 1956 MESSALLINO.

480 2245 789 2301 ARGUMENTUM.

99 2386 154 2438 Pro
166 2404 215 2451 ea,
229 2404 280 2453 qua
293 2385 362 2454 apud
376 2387 528 2461 Augustum¹
540 2387 633 2442 floreat
648 2389 746 2459 gratia,
766 2408 866 2458 proque
878 2387 1097 2458 antiquosdomus
1110 2388 1166 2455 eius

131 2470 160 2523 in
171 2471 256 2539 ipsum
273 2481 377 2539 poetam
388 2471 493 2538 favore,
512 2473 576 2541 petit
589 2473 781 2540 aMessallino,
794 2485 836 2540 ut,
852 2473 922 2527 inter
932 2472 1058 2543 triumphi
1071 2471 1166 2544 Illyrici

131 2556 243 2625 gandia,
261 2555 349 2608 mitius
363 2556 410 2609 sibi
424 2558 456 2609 ab
472 2557 592 2626 Augusto
609 2557 727 2611 exsilium
742 2556 883 2625 impetrare
901 2555 1020 2624 studeat,
1040 2573 1165 2624 suamque

130 2656 236 2692 oausam
249 2655 325 2706 agere
336 2636 438 2690 audeat.

101 2793 210 2896 ILLE
227 2821 346 2895 domus
362 2839 475 2894 vestrae
491 2820 608 2921 primis
625 2839 796 2895 venerator
811 2820 855 2894 ab
870 2818 983 2909 aunis,

149 2939 274 3015 Pulsus
291 2940 333 3012 ad
351 2938 474 3012 Euxini
490 2941 580 3014 Naso
600 2939 731 3014 sinistra
746 2939 840 3029 freti,

101 3054 211 3128 Mittit
227 3055 269 3128 ab
287 3054 459 3129 indomitis
475 3056 578 3143 hauc,
599 3053 807 3144 Messeniae,
829 3053 983 3145 salutem,
1075 3114 1079 3120 .

151 3173 264 3271 Quam
281 3171 399 3245 solitus
413 3201 555 3274 praesens
573 3189 622 3246 est
641 3172 704 3246 tibi
719 3172 822 3263 ferre,
844 3172 947 3245 Getis.

104 3291 179 3367 Heu
199 3291 300 3378 mihi,
320 3291 348 3364 si
363 3289 450 3364 lecto
467 3290 578 3364 vultus
595 3290 657 3363 tibi
670 3290 805 3364 nomine
819 3320 890 3364 uon
907 3307 976 3379 est,
1155 3308 1170 3358 5

153 3407 224 3504 Qui
241 3407 323 3493 fuit,
342 3424 376 3479 et
395 3406 528 3480 dubitas
545 3423 658 3480 caetera
671 3406 860 3507 perlegere!

106 3522 264 3619 Perlege,
282 3551 341 3597 nec
358 3551 487 3595 mecum
503 3522 626 3623 pariter
640 3553 711 3599 mea
727 3525 827 3597 verba
844 3524 972 3619 relega:

153 3641 248 3714 Urbe
264 3638 340 3712 licet
357 3657 463 3712 vestra
480 3639 629 3714 versibus
647 3642 716 3714 esse
732 3640 824 3716 meis.

148 3831 170 3864 1.
196 3815 340 3866 Μιναίαν.
359 3815 475 3865 Imitalor
489 3813 617 3882 Excerpta
668 3808 1178 3883 Omihr'qu1'dlecto,·Forte,Her'm1'hi

110 3888 616 3952 vossii;undeHeinsniratortaciebar.
663 3883 1058 3960 nodedun-fleumata.

141 3990 164 4022 a.
173 3973 421 4023 Pulsusadsr'nistra
428 3972 532 4022 Euxini.
540 3969 616 4022 Rele-
698 3971 721 4022 8.
733 3970 812 4022 licet.
826 3967 897 4035 Quia
910 3966 931 4018 si
943 3974 1020 4034 poeta
1032 3973 1072 4016 est
1085 3962 1173 4029 exsul,

115 4047 213 4114 peusin
220 4047 330 4100 Pontica
339 4047 456 4116 regione,
466 4065 523 4116 quae
530 4046 617 4117 ingre·
664 4048 721 4117 ejus
732 4045 849 4100 carmina
858 4062 913 4097 non
921 4052 983 4096 sunt
991 4040 1104 4112 relegata
1113 4060 1175 4094 cum

117 4119 240 4177 dientibus
250 4125 278 4177 in
290 4136 362 4194 parte
373 4125 477 4178 sinistra
485 4124 599 4195 adparet.
665 4124 727 4191 illo,
742 4132 769 4176 et
778 4121 878 4193 ingenii
888 4120 968 4174 ioetus
975 4138 1052 4191 poeua
1063 4118 1175 4188 scripto·

146 4203 307 4267 alluunt,
326 4208 354 4256 si
362 4207 433 4256 lecto.
447 4202 618 4256 Sarravianus
666 4201 702 4255 ris
712 4201 805 4271 nequit
818 4199 955 4269 attingere.
