2624 4816
114 441 180 534 qo
397 447 434 509 u.
463 445 639 514 ovrnrr
669 448 898 520 nasonis

162 584 313 683 Remque
333 601 422 656 tuam
440 613 548 685 ponas
564 585 600 658 in
616 585 752 662 meliore
770 585 866 665 loco!

115 698 217 794 Quod
235 699 391 798 quoniam
407 700 441 772 in
458 702 520 775 Dis
539 720 605 788 est,
624 721 715 777 tenta
731 704 832 779 lenire
846 708 1019 809 precando

161 814 323 900 Numina,
341 831 502 913 perpetua
520 845 593 915 quae
611 818 733 917 pietate
749 821 841 896 colio.
1217 918 1219 923 Ι

112 926 244 1001 Erroris
259 956 334 1001 nam
353 946 407 1017 tu,
425 929 479 1002 vix
497 947 547 1004 est
565 931 765 1023 discernere,
784 938 892 1010 nostri
932 972 938 983 ·
1148 962 1172 1011 as
1217 970 1219 1005 :

162 1043 215 1116 Sis
231 1063 462 1140 argumentum
480 1047 605 1144 majus,
622 1078 665 1121 an
682 1048 850 1124 auxilium.
924 1058 929 1065 '

113 1163 181 1234 Nec
200 1160 358 1235 dubitans
375 1192 435 1236 oro
452 1192 459 1235 :
477 1164 535 1237 sed
548 1164 683 1238 llumine
701 1193 787 1265 sape
803 1167 950 1241 secundo

161 1280 313 1374 Augetur
329 1281 428 1353 remis
445 1308 562 1353 cursus
580 1281 690 1353 euntis
707 1308 809 1382 aqua.

113 1397 158 1467 Et
173 1395 297 1495 pudet,
317 1413 350 1468 ct
365 1414 495 1481 metuo,
513 1424 707 1498 semperque
723 1397 903 1497 eademque
920 1400 1070 1498 precari3

162 1516 213 1586 Ne
230 1515 372 1587 subeant
390 1514 498 1588 animo
517 1515 611 1587 radia
623 1516 713 1612 justa
729 1534 798 1588 tuo.
856 1554 861 1565 ·
1149 1541 1174 1590 30

112 1628 237 1701 Verum
257 1628 338 1728 quid
355 1630 560 1702 faciam?res
576 1628 789 1701 immoderata
807 1628 930 1730 cupido
947 1648 1025 1704 est:

162 1743 214 1814 Ila
230 1743 356 1815 veniam
371 1744 470 1828 vitio,
490 1743 580 1818 mitis
596 1743 717 1831 amice,
735 1771 820 1816 meo.

114 1859 266 1933 Scribere
282 1888 367 1959 saepc
384 1859 473 1934 aliud
491 1860 628 1962 cupiens
647 1860 783 1935 delabor
801 1861 941 1935 eodem:

161 1977 238 2073 Ipsa
253 1973 363 2046 locum
380 2003 440 2075 per
457 2004 491 2048 se
510 1974 603 2048 litera
619 1994 734 2051 nostra
749 1993 854 2071 rogat.

114 2090 179 2163 Seu
196 2108 304 2163 tamen
320 2091 458 2166 effectus
473 2091 627 2167 habitura
644 2111 693 2166 est
709 2092 831 2189 gratia;
851 2119 910 2165 seu
926 2120 980 2165 me
1150 2112 1175 2162 35

163 2207 254 2280 Dura
268 2208 362 2305 jubet
379 2207 487 2304 gelido
504 2209 607 2283 Parca
624 2209 687 2282 sub
705 2237 764 2282 axe
782 2209 883 2294 mori;

114 2322 250 2423 Semper
267 2323 411 2397 inoblita
426 2341 573 2425 repetam
591 2344 647 2398 tna
663 2350 799 2397 munera
814 2340 948 2410 mente,

162 2442 209 2513 Et
223 2468 293 2514 mea
309 2470 361 2515 me
377 2439 475 2515 tellus
490 2442 602 2514 audiet
617 2469 687 2514 esse
705 2460 810 2514 tuum.

116 2553 238 2629 Audiet
254 2573 287 2629 et
304 2554 381 2629 caelo
398 2555 509 2656 posita
528 2573 578 2629 est
595 2583 797 2656 qnaecunqne
815 2554 878 2628 sub
894 2551 980 2642 illo,

163 2672 297 2745 Transit
312 2690 426 2747 nostra
444 2672 531 2745 seros
549 2672 695 2745 simodo
715 2675 813 2746 Musa
833 2671 945 2744 Getas.
1151 2692 1178 2758 lo

114 2787 228 2887 Teque
245 2817 324 2862 meae
341 2817 472 2863 cansam
495 2805 758 2888 servatoremque
777 2783 915 2870 salutis,

150 2956 189 3006 25.
202 2956 346 3011 Decemere.
361 2959 511 3010 Discernere
530 2955 622 3019 multi,
673 2973 748 3020 mus,
764 2952 835 3005 unde
847 2961 937 3020 postea
950 2949 1051 3019 aliquid
1067 2948 1177 3004 exedifi-

116 3042 143 3083 et
155 3042 234 3086 recte.
250 3034 351 3088 Hirrus.
672 3043 756 3098 catur,
767 3041 812 3084 aut
820 3029 943 3083 efficitur.
954 3028 1034 3095 Sive,
1045 3040 1076 3083 ut
1086 3027 1177 3098 planiur

149 3111 234 3163 abab?
240 3123 416 3180 argumentum.
426 3113 573 3182 Ambiguus
580 3111 623 3164 hic
672 3109 773 3176 dicam,
788 3127 836 3177 pro
848 3126 929 3176 opere
940 3106 1092 3163 informato
1102 3104 1177 3160 acde-

115 3188 185 3241 locus
196 3198 247 3254 est,
263 3208 346 3257 eoque
359 3189 492 3243 difficilior
504 3207 622 3258 quoque,
673 3187 779 3241 lineato.
792 3187 862 3240 Mtc.

115 3278 143 3320 et
155 3267 565 3336 obscurior:varieenimerponi
576 3286 623 3335 po·
704 3265 742 3317 35.
763 3267 891 3317 Habitum
907 3274 949 3316 est
961 3269 1051 3331 {ralia
1070 3262 1177 3332 effictus.

116 3356 173 3401 test.
186 3344 252 3412 vet,
269 3357 299 3398 ut
317 3346 472 3415 accipiamus
486 3364 623 3413 argumen-
672 3344 758 3395 Favor
772 3353 833 3395 tuus
849 3351 888 3394 est
903 3340 973 3409 apud
985 3339 1122 3396 Cmrem
1133 3338 1177 3392 im-

115 3435 166 3478 lum
179 3444 227 3496 pro
239 3435 311 3477 certo
322 3422 419 3476 indicio
431 3444 460 3477 ac
471 3425 556 3493 signo,
570 3441 623 3490 quo
672 3430 820 3488 petraturus
832 3418 903 3487 quod
916 3419 986 3472 volo.

116 3504 179 3574 quid
192 3504 319 3572 probatur
333 3512 360 3555 et
372 3501 553 3568 convincitur,
574 3519 623 3554 ceu
705 3500 745 3552 38.
757 3500 795 3552 Bt
803 3519 858 3552 rrrra
871 3516 910 3550 ωε
919 3502 1006 3551 relius.
1020 3499 1082 3552 pre
1092 3515 1134 3550 me
1143 3495 1177 3548 ie·

116 3595 178 3639 sunt
190 3604 247 3654 qnae
257 3592 344 3643 πίστεις
352 3580 465 3647 Graecis,
476 3592 503 3633 et
512 3587 624 3653 τεκμήρια
672 3597 745 3645 ram,
759 3589 785 3632 et
797 3578 881 3632 dicam
893 3587 920 3631 et
931 3577 1051 3632 testabor
1062 3576 1107 3631 bic
1116 3572 1176 3644 apul

117 3663 257 3725 ‹licuntur;
270 3673 300 3715 ut
308 3661 340 3714 sit
349 3657 478 3714 sententia
489 3657 624 3710 :Dubium
671 3658 860 3723 barbaros,me
869 3668 946 3711 tuum
953 3676 1027 3722 esse,
1041 3656 1176 3726 obligatum

116 3752 171 3807 est,
182 3755 271 3793 utrum
279 3740 364 3810 majus
373 3736 496 3791 auxilium
505 3736 569 3789 mibi
580 3755 624 3788 re·
672 3736 768 3790 scilicet
782 3739 828 3790 tibi
844 3737 943 3790 meritis
960 3735 1082 3789 maximis
1098 3743 1125 3787 et
1135 3732 1176 3786 in-

119 3819 218 3888 busque
242 3820 306 3872 meis
324 3819 374 3885 sis,
398 3837 430 3870 an
449 3813 624 3883 mainsindi-
673 3816 886 3870 numerabilibus.
897 3816 985 3870 Pom.

117 3900 204 3965 cium,
224 3902 371 3968 certiorque
389 3897 508 3969 probatio
519 3895 624 3950 acfides
705 3896 746 3968 39.
761 3896 858 3948 Audiet
876 3903 903 3947 et
918 3897 981 3947 celo
1001 3904 1052 3948 etc.
1072 3889 1176 3946 Ovidius

118 3978 214 4030 erroris
224 3977 356 4032 meizhoc
367 3988 420 4043 est,
434 3974 504 4046 quod
515 3993 623 4041 errore,
673 3973 741 4025 banc
756 3973 821 4042 grati
842 3971 923 4025 animi
943 3982 971 4024 et
992 3964 1177 4024 benevolentia

119 4075 175 4109 non
182 4057 279 4111 scelere
292 4057 428 4126 peccarim.
443 4055 493 4110 Vel
504 4072 624 4119 rursum,
674 4050 788 4104 formam
801 4051 917 4103 imitatus
933 4060 1018 4102 estex
1037 4047 1086 4102 illis
1102 4062 1177 4101 orna-

120 4145 150 4188 ut
170 4134 242 4188 idem
263 4155 364 4188 nomen
385 4155 433 4204 pro
452 4132 581 4203 materia,
598 4142 625 4185 et
674 4130 783 4184 tionibus
805 4128 909 4198 Virgilii
930 4127 1011 4194 locis,
1030 4125 1136 4182 AEneid.
1151 4123 1176 4186 l,

119 4213 318 4282 quasiquodam
329 4214 447 4281 subiecto
462 4212 502 4267 rei
515 4208 625 4279 accipia-
674 4210 722 4277 607
734 4227 791 4277 sqq.
810 4207 884 4275 Vll,
898 4209 946 4261 225
958 4224 1014 4274 sqq.
