<?xml version="1.0" encoding="UTF-8"?>
<!DOCTYPE html PUBLIC "-//W3C//DTD XHTML 1.0 Transitional//EN"
    "http://www.w3.org/TR/xhtml1/DTD/xhtml1-transitional.dtd">
<html xmlns="http://www.w3.org/1999/xhtml" xml:lang="en" lang="en">
 <head>
  <title>
</title>
<meta http-equiv="Content-Type" content="text/html;charset=utf-8" />
  <meta name='ocr-system' content='tesseract 3.04.00' />
  <meta name='ocr-capabilities' content='ocr_page ocr_carea ocr_par ocr_line ocrx_word'/>
</head>
<body>
  <div class='ocr_page' id='page_1' title='image "bibliothecaclas31lemagoog_0172.png"; bbox 0 0 2624 4816; ppageno 0'>
   <div class='ocr_carea' id='block_1_1' title="bbox 200 298 1129 687">
    <p class='ocr_par' dir='ltr' id='par_1_1' title="bbox 200 298 1129 687">
     <span class='ocr_line' id='line_1_1' title="bbox 200 298 1129 411; baseline 0 -1"><span class='ocrx_word' id='word_1_1' title='bbox 200 300 471 410; x_wconf 74' lang='lat' dir='ltr'>ructu</span> <span class='ocrx_word' id='word_1_2' title='bbox 516 300 765 411; x_wconf 77' lang='lat' dir='ltr'>ovibu</span> <span class='ocrx_word' id='word_1_3' title='bbox 800 298 1129 410; x_wconf 69' lang='lat' dir='ltr'>ursolus</span> 
     </span>
     <span class='ocr_line' id='line_1_2' title="bbox 415 551 894 687; baseline -0.006 0"><span class='ocrx_word' id='word_1_4' title='bbox 415 551 894 687; x_wconf 82' lang='lat' dir='ltr'>TRISTIUM</span> 
     </span>
    </p>
   </div>
   <div class='ocr_carea' id='block_1_2' title="bbox 367 838 958 943">
    <p class='ocr_par' dir='ltr' id='par_1_2' title="bbox 367 838 958 943">
     <span class='ocr_line' id='line_1_3' title="bbox 367 838 958 943; baseline 0.003 -19"><span class='ocrx_word' id='word_1_5' title='bbox 367 838 578 924; x_wconf 86' lang='lat' dir='ltr'><strong>LIBER</strong></span> <span class='ocrx_word' id='word_1_6' title='bbox 617 839 958 943; x_wconf 85' lang='lat' dir='ltr'><strong>QUARTUS.</strong></span> 
     </span>
    </p>
   </div>
   <div class='ocr_carea' id='block_1_3' title="bbox 544 1031 784 1058">
    <p class='ocr_par' dir='ltr' id='par_1_3' title="bbox 544 1031 784 1058">
     <span class='ocr_line' id='line_1_4' title="bbox 544 1031 784 1058; baseline 0 -6"><span class='ocrx_word' id='word_1_7' title='bbox 544 1031 784 1058; x_wconf 53' lang='lat' dir='ltr'>—no-n—</span> 
     </span>
    </p>
   </div>
   <div class='ocr_carea' id='block_1_4' title="bbox 418 1275 905 1365">
    <p class='ocr_par' dir='ltr' id='par_1_4' title="bbox 418 1275 905 1365">
     <span class='ocr_line' id='line_1_5' title="bbox 418 1275 905 1365; baseline 0.01 -5"><span class='ocrx_word' id='word_1_8' title='bbox 418 1275 652 1362; x_wconf 82' lang='lat' dir='ltr'>ELEGIA</span> <span class='ocrx_word' id='word_1_9' title='bbox 692 1279 905 1365; x_wconf 83' lang='lat' dir='ltr'><strong>PRIMA.</strong></span> 
     </span>
    </p>
   </div>
   <div class='ocr_carea' id='block_1_5' title="bbox 458 1620 865 1689">
    <p class='ocr_par' dir='ltr' id='par_1_5' title="bbox 458 1620 865 1689">
     <span class='ocr_line' id='line_1_6' title="bbox 458 1620 865 1689; baseline 0.002 -3"><span class='ocrx_word' id='word_1_10' title='bbox 458 1620 865 1689; x_wconf 85' lang='lat' dir='ltr'><strong>ARGUMENTUM.</strong></span> 
     </span>
    </p>
   </div>
   <div class='ocr_carea' id='block_1_6' title="bbox 114 1781 1202 2116">
    <p class='ocr_par' dir='ltr' id='par_1_6' title="bbox 114 1781 1202 2116">
     <span class='ocr_line' id='line_1_7' title="bbox 114 1781 1198 1858; baseline 0.001 -16"><span class='ocrx_word' id='word_1_11' title='bbox 114 1781 305 1842; x_wconf 80' lang='lat' dir='ltr'>Excusandos</span> <span class='ocrx_word' id='word_1_12' title='bbox 318 1804 373 1841; x_wconf 78' lang='lat' dir='ltr'>esse</span> <span class='ocrx_word' id='word_1_13' title='bbox 384 1785 447 1840; x_wconf 83' lang='lat' dir='ltr'>dicit</span> <span class='ocrx_word' id='word_1_14' title='bbox 458 1797 535 1856; x_wconf 78' lang='lat' dir='ltr'>poete</span> <span class='ocrx_word' id='word_1_15' title='bbox 548 1806 608 1842; x_wconf 83' lang='lat' dir='ltr'>suos</span> <span class='ocrx_word' id='word_1_16' title='bbox 619 1786 733 1855; x_wconf 83' lang='lat' dir='ltr'>libellos,</span> <span class='ocrx_word' id='word_1_17' title='bbox 745 1786 839 1857; x_wconf 85' lang='lat' dir='ltr'>siquid</span> <span class='ocrx_word' id='word_1_18' title='bbox 851 1782 975 1842; x_wconf 81' lang='lat' dir='ltr'>fueritin</span> <span class='ocrx_word' id='word_1_19' title='bbox 990 1786 1032 1843; x_wconf 83' lang='lat' dir='ltr'>bis</span> <span class='ocrx_word' id='word_1_20' title='bbox 1047 1786 1198 1858; x_wconf 81' lang='lat' dir='ltr'>reprelien-</span> 
     </span>
     <span class='ocr_line' id='line_1_8' title="bbox 165 1872 1201 1945; baseline 0 -17"><span class='ocrx_word' id='word_1_21' title='bbox 165 1874 305 1942; x_wconf 71' lang='lat' dir='ltr'>deudum3</span> <span class='ocrx_word' id='word_1_22' title='bbox 319 1872 450 1942; x_wconf 81' lang='lat' dir='ltr'>siquidem</span> <span class='ocrx_word' id='word_1_23' title='bbox 462 1874 533 1928; x_wconf 82' lang='lat' dir='ltr'>exsul</span> <span class='ocrx_word' id='word_1_24' title='bbox 546 1873 601 1929; x_wconf 78' lang='lat' dir='ltr'>baec</span> <span class='ocrx_word' id='word_1_25' title='bbox 612 1875 759 1940; x_wconf 80' lang='lat' dir='ltr'>scribebat,</span> <span class='ocrx_word' id='word_1_26' title='bbox 775 1892 830 1929; x_wconf 88' lang='lat' dir='ltr'>non</span> <span class='ocrx_word' id='word_1_27' title='bbox 841 1872 930 1945; x_wconf 73' lang='lat' dir='ltr'>glories</span> <span class='ocrx_word' id='word_1_28' title='bbox 939 1874 1079 1943; x_wconf 81' lang='lat' dir='ltr'>cupiditate</span> <span class='ocrx_word' id='word_1_29' title='bbox 1092 1915 1100 1941; x_wconf 85' lang='lat'>‚</span> <span class='ocrx_word' id='word_1_30' title='bbox 1114 1875 1160 1929; x_wconf 84' lang='lat' dir='ltr'>sed</span> <span class='ocrx_word' id='word_1_31' title='bbox 1171 1886 1201 1929; x_wconf 91' lang='lat' dir='ltr'>ut</span> 
     </span>
     <span class='ocr_line' id='line_1_9' title="bbox 164 1958 1202 2030; baseline 0.001 -16"><span class='ocrx_word' id='word_1_32' title='bbox 164 1960 290 2030; x_wconf 85' lang='lat' dir='ltr'>requiem</span> <span class='ocrx_word' id='word_1_33' title='bbox 299 1969 419 2029; x_wconf 79' lang='lat' dir='ltr'>peteret,</span> <span class='ocrx_word' id='word_1_34' title='bbox 433 1970 461 2013; x_wconf 90' lang='lat' dir='ltr'>et</span> <span class='ocrx_word' id='word_1_35' title='bbox 471 1958 590 2013; x_wconf 84' lang='lat' dir='ltr'>dolorem</span> <span class='ocrx_word' id='word_1_36' title='bbox 602 1960 682 2013; x_wconf 86' lang='lat' dir='ltr'>exsilii</span> <span class='ocrx_word' id='word_1_37' title='bbox 691 1960 850 2015; x_wconf 79' lang='lat' dir='ltr'>carminibus</span> <span class='ocrx_word' id='word_1_38' title='bbox 858 1959 1044 2016; x_wconf 81' lang='lat' dir='ltr'><strong>consolaretur.</strong></span> <span class='ocrx_word' id='word_1_39' title='bbox 1054 1961 1202 2016; x_wconf 81' lang='lat' dir='ltr'>Enumerat</span> 
     </span>
     <span class='ocr_line' id='line_1_10' title="bbox 163 2043 745 2116; baseline -0.002 -18"><span class='ocrx_word' id='word_1_40' title='bbox 163 2055 303 2114; x_wconf 88' lang='lat' dir='ltr'>postremo</span> <span class='ocrx_word' id='word_1_41' title='bbox 315 2043 400 2111; x_wconf 80' lang='lat' dir='ltr'>mala,</span> <span class='ocrx_word' id='word_1_42' title='bbox 412 2060 469 2111; x_wconf 78' lang='lat' dir='ltr'>quse</span> <span class='ocrx_word' id='word_1_43' title='bbox 483 2043 580 2112; x_wconf 81' lang='lat' dir='ltr'>patitur</span> <span class='ocrx_word' id='word_1_44' title='bbox 591 2043 619 2096; x_wconf 89' lang='lat' dir='ltr'>in</span> <span class='ocrx_word' id='word_1_45' title='bbox 631 2043 745 2116; x_wconf 78' lang='lat' dir='ltr'>Scythia.</span> 
     </span>
    </p>
   </div>
   <div class='ocr_carea' id='block_1_7' title="bbox 119 2218 1011 2352">
    <p class='ocr_par' dir='ltr' id='par_1_7' title="bbox 119 2218 1011 2352">
     <span class='ocr_line' id='line_1_11' title="bbox 119 2218 1011 2352; baseline -0.003 -26"><span class='ocrx_word' id='word_1_46' title='bbox 119 2218 190 2326; x_wconf 76' lang='lat' dir='ltr'>St</span> <span class='ocrx_word' id='word_1_47' title='bbox 212 2277 279 2352; x_wconf 84' lang='lat' dir='ltr'>qua</span> <span class='ocrx_word' id='word_1_48' title='bbox 293 2249 374 2323; x_wconf 87' lang='lat' dir='ltr'>meis</span> <span class='ocrx_word' id='word_1_49' title='bbox 392 2249 531 2339; x_wconf 83' lang='lat' dir='ltr'>suerint,</span> <span class='ocrx_word' id='word_1_50' title='bbox 547 2266 716 2337; x_wconf 76' lang='lat' dir='ltr'>uterum,</span> <span class='ocrx_word' id='word_1_51' title='bbox 734 2250 853 2324; x_wconf 83' lang='lat' dir='ltr'>vitiosa</span> <span class='ocrx_word' id='word_1_52' title='bbox 870 2248 1011 2341; x_wconf 88' lang='lat' dir='ltr'>libellis,</span> 
     </span>
    </p>
   </div>
   <div class='ocr_carea' id='block_1_8' title="bbox 118 2365 1205 3775">
    <p class='ocr_par' dir='ltr' id='par_1_8' title="bbox 118 2365 1205 3775">
     <span class='ocr_line' id='line_1_12' title="bbox 178 2365 876 2468; baseline -0.003 -28"><span class='ocrx_word' id='word_1_53' title='bbox 178 2369 350 2440; x_wconf 85' lang='lat' dir='ltr'>Excusata</span> <span class='ocrx_word' id='word_1_54' title='bbox 365 2395 428 2441; x_wconf 90' lang='lat' dir='ltr'>suo</span> <span class='ocrx_word' id='word_1_55' title='bbox 445 2383 613 2468; x_wconf 84' lang='lat' dir='ltr'>tempore,</span> <span class='ocrx_word' id='word_1_56' title='bbox 629 2365 750 2453; x_wconf 87' lang='lat' dir='ltr'>lector,</span> <span class='ocrx_word' id='word_1_57' title='bbox 767 2365 876 2439; x_wconf 86' lang='lat' dir='ltr'>habe:</span> 
     </span>
     <span class='ocr_line' id='line_1_13' title="bbox 118 2467 1091 2583; baseline 0 -25"><span class='ocrx_word' id='word_1_58' title='bbox 118 2478 240 2559; x_wconf 74' lang='lat' dir='ltr'>Exsul</span> <span class='ocrx_word' id='word_1_59' title='bbox 259 2509 346 2556; x_wconf 87' lang='lat' dir='ltr'>eram</span> <span class='ocrx_word' id='word_1_60' title='bbox 358 2467 376 2570; x_wconf 46' lang='lat'>‚¹</span> <span class='ocrx_word' id='word_1_61' title='bbox 384 2483 582 2583; x_wconf 89' lang='lat' dir='ltr'>requiesque</span> <span class='ocrx_word' id='word_1_62' title='bbox 597 2481 700 2571; x_wconf 87' lang='lat' dir='ltr'>mihi,</span> <span class='ocrx_word' id='word_1_63' title='bbox 717 2510 787 2555; x_wconf 90' lang='lat' dir='ltr'>uon</span> <span class='ocrx_word' id='word_1_64' title='bbox 802 2482 888 2556; x_wconf 85' lang='lat' dir='ltr'>sama</span> <span class='ocrx_word' id='word_1_65' title='bbox 903 2482 1006 2582; x_wconf 85' lang='lat' dir='ltr'>petita</span> <span class='ocrx_word' id='word_1_66' title='bbox 1021 2499 1091 2574; x_wconf 91' lang='lat' dir='ltr'>est;</span> 
     </span>
     <span class='ocr_line' id='line_1_14' title="bbox 181 2580 911 2698; baseline -0.005 -25"><span class='ocrx_word' id='word_1_67' title='bbox 181 2599 286 2674; x_wconf 87' lang='lat' dir='ltr'>Mens</span> <span class='ocrx_word' id='word_1_68' title='bbox 301 2597 426 2671; x_wconf 82' lang='lat' dir='ltr'>intenta</span> <span class='ocrx_word' id='word_1_69' title='bbox 443 2597 513 2671; x_wconf 91' lang='lat' dir='ltr'>suis</span> <span class='ocrx_word' id='word_1_70' title='bbox 529 2624 572 2670; x_wconf 88' lang='lat' dir='ltr'>nc</span> <span class='ocrx_word' id='word_1_71' title='bbox 588 2580 674 2671; x_wconf 74' lang='lat' dir='ltr'>foret</span> <span class='ocrx_word' id='word_1_72' title='bbox 688 2625 794 2698; x_wconf 87' lang='lat' dir='ltr'>usque</span> <span class='ocrx_word' id='word_1_73' title='bbox 807 2596 911 2671; x_wconf 88' lang='lat' dir='ltr'>malis.</span> 
     </span>
     <span class='ocr_line' id='line_1_15' title="bbox 118 2712 1204 2815; baseline -0.003 -25"><span class='ocrx_word' id='word_1_74' title='bbox 118 2712 214 2790; x_wconf 78' lang='lat' dir='ltr'>Boc</span> <span class='ocrx_word' id='word_1_75' title='bbox 232 2732 302 2804; x_wconf 89' lang='lat' dir='ltr'>est,</span> <span class='ocrx_word' id='word_1_76' title='bbox 321 2743 379 2787; x_wconf 88' lang='lat' dir='ltr'>cur</span> <span class='ocrx_word' id='word_1_77' title='bbox 395 2731 504 2790; x_wconf 82' lang='lat' dir='ltr'>cantet</span> <span class='ocrx_word' id='word_1_78' title='bbox 521 2714 650 2788; x_wconf 86' lang='lat' dir='ltr'>vinctus</span> <span class='ocrx_word' id='word_1_79' title='bbox 667 2742 800 2815; x_wconf 89' lang='lat' dir='ltr'>quoque</span> <span class='ocrx_word' id='word_1_80' title='bbox 819 2712 975 2814; x_wconf 84' lang='lat' dir='ltr'><strong>compede</strong></span> <span class='ocrx_word' id='word_1_81' title='bbox 991 2713 1119 2805; x_wconf 86' lang='lat' dir='ltr'>fossor,</span> <span class='ocrx_word' id='word_1_82' title='bbox 1186 2736 1204 2787; x_wconf 82' lang='lat'><em>5</em></span> 
     </span>
     <span class='ocr_line' id='line_1_16' title="bbox 182 2828 972 2932; baseline -0.003 -25"><span class='ocrx_word' id='word_1_83' title='bbox 182 2828 332 2907; x_wconf 78' lang='lat' dir='ltr'>indocili</span> <span class='ocrx_word' id='word_1_84' title='bbox 348 2858 488 2905; x_wconf 87' lang='lat' dir='ltr'>numero</span> <span class='ocrx_word' id='word_1_85' title='bbox 506 2859 608 2932; x_wconf 88' lang='lat' dir='ltr'>quum</span> <span class='ocrx_word' id='word_1_86' title='bbox 627 2857 723 2926; x_wconf 75' lang='lat' dir='ltr'>grave</span> <span class='ocrx_word' id='word_1_87' title='bbox 740 2828 849 2904; x_wconf 88' lang='lat' dir='ltr'>mollit</span> <span class='ocrx_word' id='word_1_88' title='bbox 865 2858 972 2932; x_wconf 89' lang='lat' dir='ltr'>opus:</span> 
     </span>
     <span class='ocr_line' id='line_1_17' title="bbox 120 2944 915 3046; baseline -0.003 -22"><span class='ocrx_word' id='word_1_89' title='bbox 120 2951 326 3035; x_wconf 76' lang='lat' dir='ltr'>cauteres,</span> <span class='ocrx_word' id='word_1_90' title='bbox 344 2945 492 3021; x_wconf 85' lang='lat' dir='ltr'>innitens</span> <span class='ocrx_word' id='word_1_91' title='bbox 507 2944 633 3021; x_wconf 84' lang='lat' dir='ltr'>limosae</span> <span class='ocrx_word' id='word_1_92' title='bbox 651 2944 780 3046; x_wconf 83' lang='lat' dir='ltr'>prorius</span> <span class='ocrx_word' id='word_1_93' title='bbox 796 2976 915 3037; x_wconf 80' lang='lat' dir='ltr'>arene,</span> 
     </span>
     <span class='ocr_line' id='line_1_18' title="bbox 183 3060 930 3161; baseline 0.001 -24"><span class='ocrx_word' id='word_1_94' title='bbox 183 3060 339 3137; x_wconf 80' lang='lat' dir='ltr'>Adverso</span> <span class='ocrx_word' id='word_1_95' title='bbox 356 3061 482 3136; x_wconf 71' lang='lat' dir='ltr'>tardem</span> <span class='ocrx_word' id='word_1_96' title='bbox 500 3063 559 3161; x_wconf 90' lang='lat' dir='ltr'>qui</span> <span class='ocrx_word' id='word_1_97' title='bbox 574 3062 677 3135; x_wconf 86' lang='lat' dir='ltr'>trabit</span> <span class='ocrx_word' id='word_1_98' title='bbox 693 3092 789 3138; x_wconf 81' lang='lat' dir='ltr'>amne</span> <span class='ocrx_word' id='word_1_99' title='bbox 805 3081 930 3138; x_wconf 84' lang='lat' dir='ltr'>ratem:</span> 
     </span>
     <span class='ocr_line' id='line_1_19' title="bbox 124 3175 1013 3280; baseline 0.006 -30"><span class='ocrx_word' id='word_1_100' title='bbox 124 3177 278 3278; x_wconf 74' lang='lat' dir='ltr'>Quique</span> <span class='ocrx_word' id='word_1_101' title='bbox 291 3175 398 3252; x_wconf 86' lang='lat' dir='ltr'>ferens</span> <span class='ocrx_word' id='word_1_102' title='bbox 416 3176 538 3278; x_wconf 83' lang='lat' dir='ltr'>pariter</span> <span class='ocrx_word' id='word_1_103' title='bbox 553 3175 660 3252; x_wconf 90' lang='lat' dir='ltr'>lentos</span> <span class='ocrx_word' id='word_1_104' title='bbox 679 3178 723 3252; x_wconf 84' lang='lat' dir='ltr'>ad</span> <span class='ocrx_word' id='word_1_105' title='bbox 737 3199 871 3280; x_wconf 85' lang='lat' dir='ltr'><strong>pectora</strong></span> <span class='ocrx_word' id='word_1_106' title='bbox 887 3208 1013 3269; x_wconf 84' lang='lat' dir='ltr'>remos,</span> 
     </span>
     <span class='ocr_line' id='line_1_20' title="bbox 185 3292 1203 3397; baseline -0.002 -29"><span class='ocrx_word' id='word_1_107' title='bbox 185 3295 229 3368; x_wconf 89' lang='lat' dir='ltr'>ln</span> <span class='ocrx_word' id='word_1_108' title='bbox 246 3321 421 3371; x_wconf 88' lang='lat' dir='ltr'>numerum</span> <span class='ocrx_word' id='word_1_109' title='bbox 436 3292 533 3395; x_wconf 81' lang='lat' dir='ltr'>pulsa</span> <span class='ocrx_word' id='word_1_110' title='bbox 544 3292 680 3369; x_wconf 82' lang='lat' dir='ltr'>brachia</span> <span class='ocrx_word' id='word_1_111' title='bbox 695 3314 802 3370; x_wconf 83' lang='lat' dir='ltr'>versat</span> <span class='ocrx_word' id='word_1_112' title='bbox 818 3326 913 3397; x_wconf 77' lang='lat' dir='ltr'>aqua.</span> <span class='ocrx_word' id='word_1_113' title='bbox 931 3326 946 3351; x_wconf 42' lang='grc' dir='ltr'>κ</span> <span class='ocrx_word' id='word_1_114' title='bbox 1172 3331 1203 3366; x_wconf 79' lang='grc' dir='ltr'>ιο</span> 
     </span>
     <span class='ocr_line' id='line_1_21' title="bbox 127 3408 916 3502; baseline -0.003 -18"><span class='ocrx_word' id='word_1_115' title='bbox 127 3409 262 3486; x_wconf 79' lang='lat' dir='ltr'>Fessus</span> <span class='ocrx_word' id='word_1_116' title='bbox 278 3428 318 3502; x_wconf 87' lang='lat' dir='ltr'>ut</span> <span class='ocrx_word' id='word_1_117' title='bbox 332 3409 486 3483; x_wconf 86' lang='lat' dir='ltr'>incubuit</span> <span class='ocrx_word' id='word_1_118' title='bbox 499 3408 640 3498; x_wconf 87' lang='lat' dir='ltr'>baculo,</span> <span class='ocrx_word' id='word_1_119' title='bbox 660 3437 776 3483; x_wconf 83' lang='lat' dir='ltr'>saxove</span> <span class='ocrx_word' id='word_1_120' title='bbox 793 3409 916 3484; x_wconf 85' lang='lat' dir='ltr'>resedit</span> 
     </span>
     <span class='ocr_line' id='line_1_22' title="bbox 187 3522 919 3615; baseline 0 -17"><span class='ocrx_word' id='word_1_121' title='bbox 187 3526 322 3615; x_wconf 81' lang='lat' dir='ltr'>Pastor,</span> <span class='ocrx_word' id='word_1_122' title='bbox 339 3522 520 3600; x_wconf 74' lang='lat' dir='ltr'>arundineo</span> <span class='ocrx_word' id='word_1_123' title='bbox 538 3524 679 3600; x_wconf 74' lang='lat' dir='ltr'>rumine</span> <span class='ocrx_word' id='word_1_124' title='bbox 694 3523 814 3600; x_wconf 89' lang='lat' dir='ltr'>mulcet</span> <span class='ocrx_word' id='word_1_125' title='bbox 833 3553 919 3600; x_wconf 86' lang='lat' dir='ltr'>oves.</span> 
     </span>
     <span class='ocr_line' id='line_1_23' title="bbox 179 3703 1205 3775; baseline 0 -16"><span class='ocrx_word' id='word_1_126' title='bbox 179 3726 199 3774; x_wconf 86' lang='lat'>7.</span> <span class='ocrx_word' id='word_1_127' title='bbox 218 3708 316 3760; x_wconf 59' lang='lat' dir='ltr'><strong>Carta.</strong></span> <span class='ocrx_word' id='word_1_128' title='bbox 335 3708 509 3760; x_wconf 73' lang='lat' dir='ltr'>Cauaseum</span> <span class='ocrx_word' id='word_1_129' title='bbox 527 3705 647 3775; x_wconf 84' lang='lat' dir='ltr'>scriptis:</span> <span class='ocrx_word' id='word_1_130' title='bbox 696 3703 1205 3773; x_wconf 71' lang='lat' dir='ltr'>resc.-Vetttscriptiquidamcrediti.</span> 
     </span>
    </p>
   </div>
   <div class='ocr_carea' id='block_1_9' title="bbox 144 3776 1205 3931">
    <p class='ocr_par' dir='ltr' id='par_1_9' title="bbox 144 3776 1205 3931">
     <span class='ocr_line' id='line_1_24' title="bbox 144 3776 1205 3855; baseline 0.003 -20"><span class='ocrx_word' id='word_1_131' title='bbox 144 3785 315 3851; x_wconf 68' lang='lat' dir='ltr'>procedentia</span> <span class='ocrx_word' id='word_1_132' title='bbox 325 3785 353 3839; x_wconf 86' lang='lat' dir='ltr'>id</span> <span class='ocrx_word' id='word_1_133' title='bbox 365 3785 479 3855; x_wconf 76' lang='lat' dir='ltr'>exigunt.</span> <span class='ocrx_word' id='word_1_134' title='bbox 491 3785 528 3839; x_wconf 87' lang='lat' dir='ltr'>H.</span> <span class='ocrx_word' id='word_1_135' title='bbox 734 3805 772 3838; x_wconf 84' lang='lat'>12.</span> <span class='ocrx_word' id='word_1_136' title='bbox 791 3784 938 3839; x_wconf 79' lang='lat' dir='ltr'>Amudirco</span> <span class='ocrx_word' id='word_1_137' title='bbox 958 3786 1075 3836; x_wconf 74' lang='lat' dir='ltr'>carmt&#39;rre.</span> <span class='ocrx_word' id='word_1_138' title='bbox 1098 3776 1205 3847; x_wconf 68' lang='lat' dir='ltr'>Futile</span> 
     </span>
     <span class='ocr_line' id='line_1_25' title="bbox 182 3861 786 3931; baseline -0.005 -15"><span class='ocrx_word' id='word_1_139' title='bbox 182 3863 203 3917; x_wconf 81' lang='grc'>8.</span> <span class='ocrx_word' id='word_1_140' title='bbox 217 3865 267 3931; x_wconf 76' lang='lat' dir='ltr'>Qut</span> <span class='ocrx_word' id='word_1_141' title='bbox 273 3867 360 3919; x_wconf 75' lang='lat' dir='ltr'>trabit.</span> <span class='ocrx_word' id='word_1_142' title='bbox 371 3863 454 3918; x_wconf 82' lang='lat' dir='ltr'>Recte</span> <span class='ocrx_word' id='word_1_143' title='bbox 464 3861 500 3916; x_wconf 84' lang='lat' dir='ltr'>ita</span> <span class='ocrx_word' id='word_1_144' title='bbox 508 3861 566 3916; x_wconf 88' lang='lat' dir='ltr'>libri</span> <span class='ocrx_word' id='word_1_145' title='bbox 576 3871 650 3918; x_wconf 81' lang='lat' dir='ltr'>vete·</span> <span class='ocrx_word' id='word_1_146' title='bbox 699 3871 786 3915; x_wconf 78' lang='lat' dir='ltr'>cautu.</span> 
     </span>
    </p>
   </div>
   <div class='ocr_carea' id='block_1_10' title="bbox 0 0 1319 4816">
    <p class='ocr_par' dir='ltr' id='par_1_10' title="bbox 0 0 1319 4816">
     <span class='ocr_line' id='line_1_26' title="bbox 0 0 1319 4816; baseline 0 0"><span class='ocrx_word' id='word_1_147' title='bbox 0 0 1319 4816; x_wconf 95' lang='lat' dir='ltr'> </span> 
     </span>
    </p>
   </div>
  </div>
 </body>
</html>
