2624 4816
179 406 250 490 nx
273 420 457 487 rouro
481 421 583 486 nra.
609 419 676 485 iv.
705 419 878 485 urrsr.
904 421 997 488 vn.
1060 420 1128 512 42³9

103 564 290 639 Poenieeam
311 561 427 649 Getico
444 559 604 655 sanguine
619 558 698 633 seuit
715 588 845 659 aquam.
1091 599 1124 634 20

54 679 135 751 Non
152 695 251 773 neget
268 677 451 775 AEgypsos,
473 702 560 774 quae,
579 690 611 744 te
629 674 810 761 subeunte,
829 691 960 775 recepta

106 794 218 868 Sensit
233 794 268 866 in
286 791 421 887 ingenio
437 789 486 862 nil
504 791 579 890 opis
597 817 666 863 esse
685 789 761 862 loci.

54 912 142 982 Nam
159 911 316 996 dubium,
334 908 448 1009 positu
464 906 582 980 melius
597 905 732 981 defensa
747 934 904 996 manuve,

108 1028 201 1102 Urbs
218 1044 286 1099 erat
303 1027 337 1098 iu
354 1053 483 1098 summo
501 1023 651 1097 nubibus
669 1051 762 1123 aequa
776 1024 868 1123 jugo.

56 1142 215 1216 Sithonio
234 1119 305 1236 regi
320 1144 410 1225 serus
426 1141 644 1240 interceperat
660 1137 753 1213 illam

108 1257 245 1342 Hostis,
265 1275 298 1329 et
314 1273 444 1356 ereptas
460 1255 568 1327 victor
582 1253 726 1327 habebat
744 1282 836 1354 opes.

55 1375 172 1447 Donec
189 1373 343 1447 lluminea
363 1374 496 1446 devecta
513 1370 670 1445 Vitellius
686 1371 777 1445 unda

105 1488 245 1576 Intulit,
261 1489 414 1588 exposito
429 1487 551 1574 milite,
569 1487 663 1583 signa
682 1488 787 1561 Getis.

56 1607 103 1678 At
121 1605 202 1693 tibi,
221 1606 398 1706 progenies
416 1603 475 1679 alti
491 1604 672 1679 fortissima
688 1605 817 1692 Dauni,

107 1722 209 1795 Venit
225 1721 260 1793 in
277 1721 433 1795 adversos
449 1719 593 1821 impetus
610 1721 657 1794 ire
675 1721 774 1794 viros.

57 1841 127 1912 Ner
143 1867 257 1933 mora;
277 1838 479 1939 conspicuus
496 1836 594 1933 longe
612 1835 821 1933 fulgentibus
838 1836 956 1925 armis,

106 1951 220 2026 Fortia
236 1981 278 2025 ne
291 1951 425 2052 possint
439 1951 524 2025 sacta
541 1950 658 2038 latere,
673 1978 767 2025 caves
782 1981 790 2023 :

58 2069 259 2169 Ingentique
277 2069 381 2164 gradu
399 2084 517 2141 eontra
536 2069 724 2168 ferrumque
741 2067 937 2168 locumque,

109 2186 259 2285 Saxaque
277 2182 420 2258 brumali
437 2182 596 2279 grandine
613 2182 729 2283 plura,
748 2182 853 2256 stibis.

58 2304 129 2376 Neo
149 2321 180 2375 te
197 2304 295 2376 missa
313 2331 413 2401 snper
429 2298 616 2399 jaculorum
632 2301 732 2374 turba
750 2317 916 2387 moratur,
1098 2321 1131 2374 35

108 2421 178 2492 Nec
198 2447 270 2518 quae
286 2419 418 2517 vipereo
440 2415 504 2490 tela
521 2444 640 2490 cruore
655 2415 813 2488 madent.

58 2575 98 2645 pis
116 2573 220 2626 hostem
237 2572 303 2626 vidit
321 2572 523 2640 insequentem,
544 2581 571 2625 et
619 2568 708 2641 oppidi
715 2568 848 2639 ademptas
856 2568 992 2638 oppidanis
1001 2570 1132 2638 eiectis.-

58 2652 245 2706 trucidantem.
619 2651 658 2701 E!
666 2653 753 2702 victor.
763 2649 799 2702 Et
809 2647 890 2701 hostis
897 2647 982 2712 Geta,
998 2649 1042 2716 qui
1053 2650 1132 2719 oppi-

94 2733 275 2784 20·Punsceam
283 2733 405 2798 sanguiue
411 2732 510 2784 Getico.
517 2730 571 2783 Ru·
619 2727 684 2780 dum
697 2717 762 2778 illud
772 2737 973 2796 expugnaverat.
985 2725 1090 2781 Mtcru.

59 2810 136 2862 bram
146 2807 232 2861 hostili
244 2818 271 2861 et
279 2807 374 2861 Getico
385 2826 487 2861 cruore.
653 2827 692 2870 ²7·
701 2809 835 2860 Humt'rrea
842 2810 917 2859 unda.
924 2806 1007 2859 Unda
1016 2806 1077 2860 Istri
1084 2806 1133 2861 llu-

94 2908 134 2942 21.
146 2891 204 2942 Non
213 2890 431 2961 negettAEgypsos.
441 2885 510 2938 Vide
525 2904 571 2938 uo·
620 2886 708 2939 minis.
718 2907 752 2927 -ὴ
768 2887 894 2939 Wtellr'us.
905 2885 985 2938 Forte
999 2885 1032 2940 A.
1045 2885 1134 2940 Vitel-

60 2978 101 3021 tas
112 2966 156 3021 lib.
169 2967 196 3032 l,
213 2965 285 3036 Eleg·
298 2980 369 3032 virt,
387 2985 424 3018 vs.
439 2966 476 3017 13.
490 2965 526 3018 H.
539 2992 572 3004 -
619 2963 685 3031 lius,
705 2973 814 3032 patruus
826 2962 936 3017 Caesaris
948 2962 1068 3031 Vitellii,
1087 2966 1132 3035 qui

60 3044 193 3116 AEgypsos
215 3042 341 3112 oppidum
364 3042 572 3097 munitissimum
620 3041 788 3096 consulatum
800 3041 878 3112 gessit
889 3041 938 3094 sub
951 3040 1077 3110 Tiberio,
1090 3062 1133 3097 an.

59 3121 113 3175 tuit
125 3121 153 3175 in
167 3121 289 3193 Scythia,
302 3121 330 3173 in
339 3139 445 3174 summo
455 3120 526 3174 collis
534 3139 573 3172 ar·
621 3119 661 3170 U:
672 3117 703 3171 C.
719 3132 875 3180 nccxxcn'3
893 3117 943 3171 nisi
956 3118 988 3170 ad
1002 3119 1032 3171 L.
1044 3120 1131 3174 Vitel-

61 3197 117 3252 dui.
127 3199 226 3253 Sensus
237 3199 330 3269 planus
337 3208 376 3252 est
385 3218 417 3251 ex
424 3199 454 3252 iis
464 3217 522 3266 quoe
530 3218 572 3251 se·
619 3199 685 3252 lium
696 3209 798 3269 patrem
809 3197 910 3252 referre
921 3198 1012 3254 mavis.
1019 3229 1052 3241 -
1059 3202 1134 3254 Intu-

63 3275 571 3346 quuntur.NamaGetisinterceptam,
620 3281 660 3330 le't.
680 3277 753 3330 Bella
771 3276 880 3344 intulit,
905 3286 933 3330 et
954 3295 1016 3331 cum
1034 3276 1132 3331 vexillis

62 3373 93 3408 ac
105 3354 161 3424 regi
173 3354 293 3408 Thracio
307 3352 474 3422 ademptam,
493 3372 573 3406 recu·
622 3354 750 3408 Romanis
770 3373 803 3408 eo
822 3364 933 3408 venerat
952 3365 1133 3425 pugnaturus.-

61 3445 183 3503 peratam
197 3451 259 3485 mox
270 3431 370 3485 Vitellii
386 3449 465 3501 opera
481 3441 507 3484 et
525 3450 574 3483 au·
621 3433 783 3486 namvexilla
792 3444 820 3486 et
828 3444 952 3500 amnatos,
960 3430 1077 3487 seeundo
1085 3432 1134 3486 flu-

23 3564 28 3571 ‚
63 3512 124 3565 xilio
134 3511 198 3566 dicit
211 3511 255 3565 :in
268 3530 319 3581 qua
332 3510 532 3579 recuperatione
544 3529 574 3563 ac
621 3511 1118 3579 mine,exlinitirnislocisdeportavit.
1203 3517 1205 3521 ’

62 3610 161 3661 pugna,
170 3589 303 3643 Vestalem
311 3587 573 3658 quoquepraeclaram
652 3588 1134 3663 myrogenesarttfimusnnaltoaat

62 3687 172 3739 operam
185 3687 291 3721 navasse
305 3668 401 3720 innuit.
413 3665 517 3719 Mmrt.
623 3667 749 3737 Ignotum
764 3668 814 3721 hoo
827 3686 934 3721 nomen.
946 3669 1044 3719 Domni
1055 3664 1134 3719 Polit.

97 3747 141 3819 23,
158 3746 275 3801 Manisve.
297 3745 342 3799 An
365 3743 574 3816 propugnatori·
624 3756 652 3800 et
663 3758 723 3801 octo
733 3746 841 3810 alii3sex
849 3747 935 3810 Doni,·
945 3755 997 3797 tres
1005 3747 1136 3814 Dampui,·

62 3829 127 3892 bus,
143 3826 216 3897 quasi
228 3826 310 3892 dicat,
325 3835 352 3878 et
364 3835 459 3877 natura
470 3824 534 3890 toci,
548 3833 574 3876 et
624 3824 736 3879 totidem
751 3827 849 3877 Dauni.
868 3821 1066 3876 Scribe'Daum'
1072 3842 1135 3877 cum

63 3903 222 3959 validissimo
234 3903 355 3972 praesidio
361 3902 460 3972 pariter
471 3903 533 3956 urbs
543 3919 575 3954 ea
624 3920 679 3955 uuo
691 3902 839 3965 vossiano,
852 3910 882 3953 ut
893 3900 926 3953 ad
935 3900 1022 3953 Turni
1032 3912 1135 3970 patrem

64 3980 176 4034 devicta.
188 3981 293 4033 Illrouu.
626 3980 787 4035 Rutulorum
798 3996 889 4047 regem
901 3977 1028 4046 respiciat.
1041 3980 1078 4032 H.

47 4056 60 4093 ⁴
98 4061 139 4111 25.
152 4059 266 4111 Sithonio
283 4061 343 4125 regi.
359 4056 428 4129 Regi
439 4055 574 4109 Thracia:
658 4061 698 4126 34.
710 4060 834 4123 Saxaque.
844 4055 880 4108 Et
889 4067 982 4109 contra
992 4076 1066 4123 saxa,
1079 4078 1136 4126 quse

64 4148 104 4192 est
114 4137 189 4191 enirn
201 4136 322 4191 Sithonia
331 4155 390 4205 pars
399 4135 527 4188 Thraciae.
626 4155 640 4191 e
650 4132 777 4204 superiori
788 4132 846 4186 loco
857 4132 993 4187 cadebant.
1005 4161 1038 4175 —
1049 4138 1136 4188 Plura.

99 4215 140 4269 ab.
152 4217 260 4283 Emptas
266 4232 333 4282 opes.
345 4211 456 4266 Divitias
468 4212 576 4283 AEgypsi
626 4209 823 4267 Numerosiora.
836 4237 869 4250 -
882 4211 964 4262 Subis.
978 4209 1130 4264 Adscendis.
