2624 4816
120 412 185 497 458
413 413 450 475 Ρ.
477 409 657 476 OVIDIl
685 405 913 475 NASONIS

169 551 313 650 Vimque
328 550 448 624 fretum
464 545 571 620 multo
586 545 697 647 perdit
712 546 755 620 ab
773 574 868 620 amne
885 573 991 621 suam.

119 667 195 738 Huc
205 668 323 764 Lycus,
332 661 397 735 huc
407 660 548 756 Sagaris,
559 661 757 761 Peniusque,
768 661 1160 763 Hypanisquessratesque
1207 676 1210 763 j

166 779 295 863 Induit,
316 795 350 850 ct
365 777 481 851 crebro
498 778 620 853 vortice
636 794 744 851 tortus
762 776 884 877 Halys:
1208 786 1210 803 '

116 893 379 992 Partheniusque
395 920 512 992 rapax,
531 910 565 966 et
581 891 714 966 volvens
729 920 806 966 saxa
822 893 978 992 Cynapes

167 1009 326 1096 habitum
345 1025 379 1080 et
396 1005 489 1079 nullo
507 1007 631 1081 tardior
647 1035 740 1080 amne
757 1008 873 1106 Tyras.

119 1124 163 1195 Et
180 1139 236 1209 tu,
252 1121 397 1193 feminea
411 1119 625 1193 Thermodon
644 1119 776 1214 cognite
793 1136 927 1202 turmae;

167 1239 212 1309 Et
229 1236 396 1336 quondam
414 1234 538 1320 Graiis,
556 1234 675 1321 Phasi,
693 1234 795 1335 petite
811 1234 899 1307 viris.

151 1419 192 1485 46.
203 1422 347 1473 Perditvr'rn
355 1438 434 1471 suam.
442 1420 502 1472 Non
512 1430 550 1471 est
557 1437 625 1470 ama·
671 1421 805 1489 flavusque
816 1420 908 1486 Cales,
921 1421 1112 1492 Hypanisque,
1120 1419 1165 1472 Me

118 1514 197 1561 rum,
212 1496 295 1548 immo
310 1496 384 1549 dulce
397 1535 405 1561 ,
426 1506 453 1549 et
471 1496 624 1565 congelatur
672 1498 760 1565 lacque
773 1497 861 1550 Addat
869 1517 932 1566 opes
942 1519 949 1560 ;
961 1520 975 1545 ι
987 1498 1025 1551 sic
1034 1508 1098 1567 puto
1107 1497 1167 1550 casti·

118 1585 209 1628 contra
226 1575 306 1627 maris
318 1585 458 1636 naturam
479 1573 538 1626 vide
554 1572 623 1626 Gel-

118 1655 199 1721 lium,
212 1654 256 1708 lib.
267 1653 350 1719 xv1,
363 1672 417 1721 cap.
431 1655 453 1705 8.

150 1734 189 1801 47.
205 1734 263 1784 Huc
275 1733 358 1800 Lycus
369 1732 458 1797 instuit.
473 1727 558 1799 Lycus
570 1726 624 1780 flu-

117 1807 174 1860 vius
181 1806 276 1860 labitur
287 1808 314 1859 in
324 1806 374 1858 hoc
382 1814 455 1856 mar'e
464 1804 621 1870 Ponticum,

117 1896 144 1938 et
155 1884 214 1936 ideo
226 1883 385 1952 congelatur.
401 1882 448 1934 Est
462 1890 550 1932 autem
567 1882 623 1950 Lq-

115 1962 403 2019 custtuviusarmeniae.
412 1960 521 2024 Strabo,
535 1959 624 2012 «Mut-

116 2040 152 2104 ti,
165 2040 264 2108 inquit,
272 2058 364 2092 amnes
371 2047 433 2090 sunt
442 2037 469 2088 in
478 2036 604 2089 Armenia
614 2055 621 2098 3

115 2117 161 2170 sed
177 2118 309 2171 clarissimi
325 2115 415 2169 Phasis
433 2125 460 2167 et
474 2114 576 2185 Lycus,
594 2115 622 2167 in

116 2212 189 2247 mare
197 2195 337 2247 Ponticum
353 2202 486 2244 exeuntes.
499 2213 512 2237 ι
523 2218 555 2231 -
567 2193 625 2243 Huc

672 1575 803 1645 gaudum,
817 1595 881 1641 narn
888 1577 975 1646 hyces
985 1575 1076 1628 nullus
1084 1573 1166 1629 estlln·

671 1653 741 1718 vius,
754 1651 803 1705 nisi
814 1653 888 1705 malis
902 1647 993 1722 Tyras,
1001 1654 1079 1721 cujus
1089 1663 1114 1705 et
1122 1653 1166 1705 No-

670 1741 726 1783 ster
743 1730 785 1784 hic
797 1729 927 1783 meminit.
948 1731 1021 1783 Nam
1037 1730 1167 1792 Maserius,

672 1807 769 1860 Valerii
784 1807 928 1875 interpres,
949 1817 1028 1860 notat
1041 1809 1115 1878 Tyres
1124 1823 1167 1858 esse

670 1885 698 1937 in
711 1884 845 1937 nonnullis
856 1884 998 1939 codicibus.
1012 1884 1114 1938 Hms.

704 1962 743 2027 48.
755 1964 846 2032 Halys.
857 1961 941 2032 Halys
957 1959 1057 2014 fluvius
1075 1967 1112 2013 est
1125 1957 1167 2010 de-

670 2057 778 2092 currens
793 2057 807 2090 a
823 2036 953 2090 radicibus
969 2037 1055 2091 Tauri
1069 2056 1115 2108 per
1123 2036 1167 2090 Ca-

668 2119 783 2172 taonianr
795 2117 1066 2188 Cappadociamque,
1077 2129 1106 2171 ut
1115 2115 1167 2171 scri·

668 2197 706 2250 bit
720 2197 827 2251 Plinius.

116 2269 623 2339 §aquensiaoraPonticapostBosphori
702 2277 904 2346 qql’artherius.
912 2275 1076 2331 Parthenius
1086 2273 1167 2328 llurius

115 2348 203 2402 lauces
213 2349 362 2402 etRhesum
372 2367 493 2412 amnem,
506 2357 622 2414 portum·
669 2363 707 2407 est
725 2351 946 2422 Paphlagonum,
968 2352 1094 2406 Cas-ambi
1112 2370 1168 2421 pro·

116 2448 167 2496 que
180 2426 289 2497 Calpas,
301 2438 340 2480 est
348 2426 450 2495 Sagaris
461 2425 570 2491 fluvius,
582 2445 623 2478 or-
668 2432 802 2486 montorio
809 2432 963 2501 proximus,
980 2442 1011 2485 ut
1022 2431 1111 2486 scribit
1122 2429 1169 2484 Pli-

114 2518 157 2559 tus
165 2508 192 2559 in
200 2506 525 2578 Phrygia-Hypanisque.
534 2506 621 2575 Hypa·
668 2512 743 2575 nius;
757 2510 877 2579 caditque
893 2511 921 2562 in
936 2511 1066 2565 Pontum.
1077 2511 1167 2561 -Ila-

115 2584 173 2650 nis,
191 2584 286 2638 fluvius
304 2594 343 2638 est
357 2583 471 2654 Scythiae
485 2602 515 2635 ex
527 2602 622 2651 magua
664 2609 753 2658 pacem
763 2601 850 2642 autem
862 2586 1111 2658 adpellat,propter
1120 2587 1168 2654 ejus

114 2662 208 2731 palude
224 2660 357 2729 profluens
370 2699 377 2726 ,
397 2672 427 2714 ιιι
443 2660 519 2714 docet
532 2662 622 2712 Hero-
667 2684 786 2730 cursum,
801 2666 845 2733 qui
858 2664 949 2717 omnia
960 2666 1031 2733 rapit
1043 2676 1071 2718 et
1084 2663 1167 2718 aufert

114 2740 375 2808 dotus-Cretesque.
390 2738 499 2793 Cratera
511 2737 621 2790 fluvium
701 2746 740 2795 50.
755 2746 793 2796 Et
803 2746 873 2796 nullo
888 2746 987 2796 tardior
999 2763 1076 2796 arrae
1091 2746 1168 2813 Tyras.

116 2817 148 2869 ad
160 2837 232 2870 oram
241 2817 378 2870 Ponticam
385 2815 527 2882 fluere‚hic
535 2815 622 2869 innuit
668 2820 752 2891 Tyras
765 2821 878 2892 Scythia
886 2821 976 2875 amnis
986 2831 1045 2887 est,
1064 2821 1092 2873 in
1103 2837 1167 2873 orum

116 2893 236 2948 Ovidius.
248 2895 306 2963 Ego
317 2894 382 2948 nihil
393 2905 558 2964 compertum
568 2894 621 2946 ha-

112 2970 206 3023 ben-⁶
217 2976 362 3041 Peniusque,
373 2975 551 3042 Hyparrusque,
560 2974 621 3024 Ora·

112 3061 202 3118 resque.
208 3051 344 3118 Peniusque
351 3049 433 3103 codes
441 3049 512 3102 Petri
520 3048 620 3112 Servii3

115 3133 278 3199 Hypanisque
286 3129 366 3182 etiam
377 3128 545 3183 scribendum
555 3148 586 3181 ex
593 3127 622 3180 li·

114 3205 168 3268 bris
180 3204 306 3271 antiquis;
319 3205 363 3272 qui
371 3205 520 3258 notissimus
529 3214 566 3257 est
575 3202 622 3255 flu·

112 3283 169 3336 vius
185 3302 192 3335 ς
212 3300 260 3351 pro
277 3283 413 3349 Oratesque
429 3292 530 3336 veteres
542 3282 622 3351 pleri-

115 3382 182 3431 que,
194 3363 339 3427 cratesque·
351 3361 472 3412 nonnulli
486 3363 620 3427 Ceresque,

669 2898 748 2950 Ponti
764 2897 896 2952 sinistram
911 2897 1051 2960 defluens,
1065 2897 1110 2967 qui
1123 2916 1168 2964 op-

668 2976 729 3045 pido
737 2995 835 3029 nornen
843 2974 981 3045 imposuit;
992 2974 1116 3028 meminit
1123 2971 1168 3026 Pli-

667 3055 742 3119 nius,
758 3053 802 3106 lib.
814 3053 1033 3107 IV.—Etuuuo.
1042 3055 1167 3106 Haeeale'·

669 3152 716 3200 quo
730 3131 870 3184 Leidensis.

702 3213 739 3260 51.
748 3211 785 3259 Et
792 3216 820 3259 tu
828 3249 834 3270 ‚
839 3208 958 3275 faeminea
964 3209 1120 3269 Thermodon
1128 3215 1168 3260 etc.

668 3285 840 3340 Thermodon
851 3283 946 3337 fluvius
957 3285 1053 3353 estqui
1063 3305 1078 3338 a
1088 3295 1167 3339 monte

668 3364 796 3416 Armenio
810 3362 949 3428 dilabitur,
967 3372 1048 3431 atque
1061 3362 1121 3416 inde
1132 3380 1169 3414 us-

115 3441 156 3495 vel
168 3444 291 3508 Calesque
306 3459 314 3490 .·
332 3439 402 3491 unde
415 3450 484 3492 recte
496 3440 536 3492 vir
549 3458 622 3493 sum·
669 3459 719 3508 que
733 3440 764 3492 ad
777 3442 923 3492 Amazones
932 3438 1013 3492 celeri
1025 3459 1103 3493 cursu
1114 3456 1169 3508 pro-

114 3539 174 3573 mus
185 3520 286 3572 Isarcus
299 3517 420 3582 Vossius,
436 3517 621 3586 reponendum
668 3517 770 3585 cipitur.
788 3516 869 3570 Unde
887 3515 930 3570 hic
946 3526 1026 3584 poeta
1043 3517 1169 3570 Thermo·

115 3617 169 3651 csse
188 3617 231 3650 me
251 3595 374 3660 monuit,
396 3596 523 3661 Calesque.
543 3598 620 3657 Κάλης
668 3593 1168 3662 dontadicitaturbaleminea,hocest,

116 3681 188 3732 enim
199 3679 293 3732 ssuvius
310 3688 348 3731 est
363 3676 441 3747 hujus
456 3685 552 3728 tractus
565 3675 622 3728 Eu·
670 3678 701 3730 ab
718 3673 912 3737 Amazonibus,
931 3674 1070 3742 cognitum
1081 3674 1170 3727 fuisse:

93 3808 95 3816 .
114 3761 210 3813 stuthio
217 3759 326 3813 Scholiis
334 3757 361 3810 in
371 3757 622 3824 Periegeunutstsg
669 3772 720 3821 qua
737 3751 785 3804 illae
799 3751 870 3820 juxta
887 3768 949 3803 eum
969 3750 1082 3804 fluvium
1098 3747 1170 3804 habi·

114 3849 154 3891 est
160 3837 317 3910 Thucydidi,
324 3837 367 3891 lih.
376 3835 426 3901 IV,
436 3836 549 3902 Λάμαχος
562 3837 583 3887 iu
593 3845 621 3895 τῆ
670 3832 766 3884 tabant.

113 3906 266 3992 llqoealroirte'e
281 3922 373 3984 ὃμίιιις
387 3920 408 3976 ι’ς
421 3919 457 3969 riu
470 3916 565 3976 Kailuuu
579 3936 622 3965 aa·
704 3915 742 3964 Sa·
760 3911 796 3962 Et
811 3909 934 3976 quendam
953 3908 1062 3968 Graiis,
1081 3906 1168 3963 Phasi,

116 3999 205 4059 ταμὸνς
222 3995 266 4047 ubi
281 3943 402 4047 describit
416 3990 537 4045 Lamachi
555 3989 621 4043 clas-
665 3992 744 4054 petr'le
762 3990 831 4038 ur'rr'r.
853 3984 943 4038 Phasis
968 3984 1065 4053 ingens
1085 3980 1173 4035 fluviis

115 4090 170 4124 sem
184 4072 283 4139 impetu
295 4071 375 4125 'fluvii
393 4072 520 4124 amissam:
534 4067 621 4120 Valer.
660 4076 725 4130 est,
745 4065 790 4133 qui
810 4062 965 4118 Colchidem
981 4064 1113 4127 illabitur,
1126 4079 1172 4112 or-

116 4151 238 4215 Flaccus,
258 4151 300 4203 tib.
313 4150 352 4205 IV
366 4169 372 4204 ι
387 4173 400 4197 «
416 4150 490 4218 Quas
507 4148 620 4213 Tanais,
671 4155 777 4212 tumque
790 4163 820 4196 ex
833 4141 960 4196 Armenia
973 4140 1173 4196 ducit-Graiis
