2624 4816
281 394 352 461 Ex
375 393 556 461 PONTO
579 393 680 461 LIB.
706 395 760 463 II.
781 397 951 503 Erlsn.
977 400 1023 467 X.
1120 401 1185 468 365

168 533 315 633 Quaque
332 531 401 605 suis
419 533 555 632 Cyanen
571 533 686 607 miscet
700 535 839 636 Anapus
856 537 960 637 aquis.

116 650 188 726 Nec
198 648 317 750 procul
328 649 407 722 hinc
418 650 615 750 Nymphon,
628 679 718 752 qua,
738 651 1028 749 dumfugitElidis
1039 684 1185 747 amnem,

121 828 126 833 .
165 767 268 838 Tecta
287 764 349 838 sub
368 793 517 865 aequorea
533 794 624 839 nunc
643 794 777 867 qnoque
793 770 898 842 currit
915 798 1011 871 aqua.

116 884 183 958 Hie
199 881 283 957 mihi
299 881 440 955 labentis
457 909 533 981 pars
550 884 627 956 anni
645 910 763 979 magna
781 905 915 984 peracta
933 906 992 962 est.

166 1001 283 1085 Eheu,
302 998 532 1100 quamdispar
548 1017 598 1072 est
613 986 708 1073 locus
723 998 779 1072 ille
799 1002 912 1078 Getis!
930 1062 934 1069 .
1155 1031 1188 1083 so

117 1118 164 1189 Et
181 1131 285 1215 quota
300 1140 377 1212 pars
393 1110 462 1184 haec
482 1128 561 1183 sunt
573 1139 698 1200 rerum,
719 1141 800 1213 quas
818 1117 960 1192 vidimus
977 1117 1096 1206 ambo,

165 1234 216 1305 Te
234 1230 317 1304 mihi
331 1229 493 1329 jucundas
510 1227 671 1302 efficiente
689 1230 776 1303 vias!

118 1348 186 1422 Seu
202 1363 273 1419 rate
294 1343 448 1418 caeruleas
464 1343 554 1444 picta
570 1342 766 1419 sulcavimus
782 1347 906 1434 undas;
997 1387 1001 1396 ·

168 1461 294 1536 Esseda
310 1489 373 1533 nos
390 1457 467 1555 agili
483 1459 550 1534 sive
568 1459 672 1534 tulere
689 1477 773 1533 rota.

125 1580 221 1681 Saepe
237 1576 349 1652 brevis
363 1575 463 1649 nobis
479 1576 608 1651 vicibus
621 1576 672 1648 via
689 1577 758 1650 visa
775 1574 952 1675 loquendi;
1159 1600 1193 1655 as

169 1693 357 1792 Pluraque,
376 1692 405 1765 si
419 1720 593 1779 numeres,
614 1691 714 1766 verba
730 1691 823 1765 fuere
838 1691 953 1785 gradu.

120 1810 215 1910 Saepe
235 1809 304 1882 dies
322 1833 471 1880 sermone
488 1807 598 1880 minor
612 1807 699 1893 fuit;
716 1805 817 1907 inque
834 1805 1040 1907 loquendum

170 1925 281 1998 Tarda
297 1952 358 2025 per
375 1924 506 1996 aestivos
525 1921 629 1996 defuit
641 1922 726 2005 liora
745 1921 825 1993 dies.

120 2043 187 2116 Est
204 2039 351 2142 aliquid,
368 2067 463 2112 casus
479 2038 602 2138 pariter
620 2037 769 2110 timuisse
788 2036 951 2125 marinos;

154 2193 196 2248 26·
213 2197 315 2266 Quaque
328 2198 382 2247 sais
396 2197 498 2265 Cyanen
510 2203 557 2245 etc.
579 2192 633 2244 Per
715 2190 1192 2258 28.Curriiapna.ManaipriorThua·

120 2272 213 2327 omnia
223 2271 387 2339 subanditur,
404 2275 527 2326 Vidimus.
537 2268 631 2342 Cyane
681 2288 755 2322 neus.
773 2269 874 2322 Heras,

121 2361 213 2404 autem
233 2347 351 2421 nympha
366 2345 418 2399 fuit
437 2347 544 2413 Sicula,
564 2347 633 2405 socia
714 2345 756 2397 30.
773 2348 830 2397 Heu
847 2353 967 2413 quantum
984 2347 1089 2414 dispar!
1112 2348 1193 2402 Multi

120 2425 303 2494 Proserpinae,
316 2440 374 2492 quae
385 2421 418 2474 ob
430 2431 533 2491 raptam
545 2422 633 2475 aPln-
681 2434 799 2488 veteres,
822 2426 895 2485 Heu,
912 2427 973 2486 deu,
995 2444 1069 2493 paam
1087 2427 1191 2494 dispar!

121 2513 187 2557 tone
210 2500 396 2570 Proserpinam
413 2497 479 2551 adeo
499 2498 587 2563 flevit,
604 2507 634 2551 ut
682 2501 755 2551 Eden
766 2520 840 2568 paam
859 2503 947 2567 dispar
964 2500 1068 2553 Sar-rav.
1081 2501 1193 2571 Argent.

120 2581 150 2634 in
161 2579 267 2634 fontem
281 2579 320 2633 sui
334 2576 450 2630 nominis
462 2586 562 2629 mutata
574 2575 635 2628 fue·
683 2587 710 2629 et
727 2577 818 2630 decem
836 2577 895 2641 alii,
919 2577 1045 2643 totidem,
1062 2580 1116 2630 Hei
1131 2583 1198 2632 anibi

121 2658 158 2712 rit
174 2676 182 2712 t
198 2657 314 2712 fabulam
331 2656 434 2726 plenius
452 2654 537 2708 refert
554 2653 634 2708 Ovid.
682 2674 757 2724 paam
775 2659 882 2723 dispar,
904 2666 934 2707 ut
953 2655 1078 2723 Epiredio
1093 2656 1194 2711 Drusi:

122 2738 238 2794 Metam.
251 2738 295 2792 lib.
306 2738 340 2791 V.
655 2797 657 2800 .
683 2753 697 2778 «
712 2734 766 2786 Hei
778 2732 857 2799 milii,
874 2752 953 2801 quarn
968 2733 1054 2801 dispar
1067 2733 1128 2788 huic
1141 2736 1194 2790 fnit

155 2815 635 2886 27.Neapaacald1t1chn1pde.Nym·
683 2812 745 2865 illud
759 2814 816 2865 iter.
833 2833 846 2858 o

115 2896 188 2962 pben
198 2893 289 2948 scribe.
302 2890 465 2948 Praededenti
475 2911 549 2944 versu
559 2894 634 2943 Ana·
707 2892 747 2944 32.
753 2893 778 2941 T
774 2911 789 2942 e
794 2891 986 2957 mida'jacandas
992 2891 1116 2961 eſjicianie
1121 2885 1193 2948 vias!

117 2977 164 3040 pis
175 2969 283 3041 quidam
294 2981 411 3033 veterem
430 2970 467 3023 sic
486 2977 513 3020 et
528 2967 594 3019 libro
609 2966 634 3017 V
683 2965 827 3020 Dictumne
838 2966 933 3020 esthon
942 2968 1012 3036 juxta
1022 2967 1084 3022 illud
1092 2971 1193 3038 Publii,

121 3051 238 3123 Metam.
253 3060 279 3103 et
290 3048 349 3104 alibi
363 3049 472 3103 variant.
483 3047 581 3101 Graecis
594 3058 636 3100 ta·
685 3044 848 3097 «Facundus
863 3063 951 3100 comes
962 3046 990 3098 in
1003 3047 1044 3100 ria
1058 3066 1106 3116 pro
1118 3048 1194 3101 vehi-

120 3146 189 3182 men
203 3121 294 3187 fresae
307 3136 459 3180 constanter
472 3124 575 3181 dicitur.
597 3124 635 3177 H.
684 3122 742 3176 culo
753 3133 799 3175 est.
814 3144 827 3167 n

111 3233 158 3256 ,-
170 3206 226 3259 Nec
236 3210 328 3273 procul
340 3207 400 3258 laiac
419 3207 541 3275 Nympha.
560 3204 635 3255 Are·
717 3200 756 3252 35.
775 3202 1011 3268 Va'cibmlapnendi.
1032 3200 1193 3257 Alternatim

123 3284 231 3339 thusam
244 3284 314 3338 dicit.
325 3283 456 3338 Arethusa
465 3294 553 3336 autem
562 3281 636 3350 virgo
684 3297 836 3332 sermonem
854 3279 993 3346 habendo,
1013 3279 1076 3335 feeit
1095 3293 1124 3334 ut
1143 3285 1194 3337 iter

123 3363 178 3418 tuit
188 3362 323 3429 venatrix,
335 3382 423 3417 comes
432 3360 542 3426 Di'anae,
560 3376 635 3426 quae,
685 3357 761 3410 nobis
772 3358 852 3410 breve
861 3357 1004 3415 videretur.

124 3458 211 3511 quum
228 3451 291 3494 cestu
304 3440 429 3509 fatigata,
453 3438 519 3490 sein
534 3433 636 3503 Alpheo
718 3435 758 3487 36.
770 3436 849 3487 Fuere
856 3440 932 3503 plura
942 3441 1031 3504 prada.
1044 3438 1128 3491 Fuere
1141 3456 1194 3491 nn·

124 3514 239 3570 flumine
250 3515 429 3584 lavaret,durn
438 3512 559 3566 Densilla
568 3530 637 3564 ama·
685 3513 829 3567 morosiora
848 3513 908 3582 ipsis
925 3519 1051 3585 gressibus
1064 3527 1091 3569 et
1101 3519 1194 3586 gradi-

90 3610 93 3614 ·
124 3603 153 3666 ta
173 3592 252 3663 potiri
271 3595 360 3663 cupit,
383 3592 492 3662 aufugit.
510 3590 556 3645 Ille
573 3607 636 3642 vero
685 3593 734 3645 bus
748 3594 851 3645 nostris.
864 3594 941 3648 ntra.

125 3669 194 3724 dum
205 3671 363 3741 pertinacius
379 3671 547 3740 insequitur,
563 3670 636 3721 Are·
718 3674 758 3742 37.
770 3675 837 3740 Saepa
850 3677 904 3726 dies
920 3693 1030 3726 sermone
1044 3675 1192 3741 manorsrdi.

126 3746 214 3812 thuan,
223 3749 363 3818 implorato
372 3747 637 3813 Dianaesubsidio‚in
686 3751 749 3804 Dies
769 3770 835 3821 saepe
854 3753 923 3804 visus
941 3751 992 3804 fuit
1011 3753 1115 3804 brevior
1133 3772 1194 3805 ser-

125 3826 234 3882 fontem
253 3827 294 3882 sni
312 3828 426 3881 nominis
447 3847 572 3881 conversa
589 3835 636 3879 est.
684 3833 886 3898 mone-Inque
897 3831 1194 3898 lopnando.Lopuenduna

129 3904 217 3975 cujus
232 3906 310 3959 undis
331 3925 411 3975 quum
430 3905 547 3974 Alpheus
563 3923 638 3957 cosn-
687 3908 789 3961 Sarrae.
803 3908 913 3976 Argent.
928 3917 955 3958 et
967 3905 1081 3975 quinque
1094 3909 1143 3961 alii.
1157 3908 1193 3959 H.

128 3987 378 4053 misceresevellet‚
392 3987 504 4040 illasero
516 4004 564 4054 per
575 3985 638 4038 sub·
719 3987 759 4039 38.
779 3989 843 4038 Dies
861 3988 943 4037 larda.
964 3984 1027 4038 Dies
1044 3987 1113 4056 ipsa,
1137 4003 1195 4054 quae

128 4076 267 4120 terraneos
276 4076 375 4118 meatus
383 4064 542 4134 diffugeret,
556 4082 640 4134 usque
686 4083 734 4133 per
744 4074 859 4117 aestatem
872 4074 910 4115 est
922 4063 1022 4116 tardior
1033 4077 1059 4118 et
1071 4065 1179 4135 longior,

128 4144 159 4198 in
172 4143 289 4200 Siciliam
300 4153 451 4212 prosecutus
466 4153 512 4197 est.
525 4142 564 4196 Μ.
720 4143 760 4212 39.
782 4143 863 4196 Casus
871 4147 971 4208 pariter
983 4148 1096 4197 timuisse
1111 4146 1193 4194 nari-
