<?xml version="1.0" encoding="UTF-8"?>
<!DOCTYPE html PUBLIC "-//W3C//DTD XHTML 1.0 Transitional//EN"
    "http://www.w3.org/TR/xhtml1/DTD/xhtml1-transitional.dtd">
<html xmlns="http://www.w3.org/1999/xhtml" xml:lang="en" lang="en">
 <head>
  <title>
</title>
<meta http-equiv="Content-Type" content="text/html;charset=utf-8" />
  <meta name='ocr-system' content='tesseract 3.04.00' />
  <meta name='ocr-capabilities' content='ocr_page ocr_carea ocr_par ocr_line ocrx_word'/>
</head>
<body>
  <div class='ocr_page' id='page_1' title='image "bibliothecaclas31lemagoog_0381.png"; bbox 0 0 2624 4816; ppageno 0'>
   <div class='ocr_carea' id='block_1_1' title="bbox 35 316 907 449">
    <p class='ocr_par' dir='ltr' id='par_1_1' title="bbox 35 316 907 449">
     <span class='ocr_line' id='line_1_1' title="bbox 35 316 907 449; baseline -0.001 0"><span class='ocrx_word' id='word_1_1' title='bbox 35 316 41 331; x_wconf 64' lang='lat'>³</span> <span class='ocrx_word' id='word_1_2' title='bbox 116 381 182 449; x_wconf 81' lang='lat'>362</span> <span class='ocrx_word' id='word_1_3' title='bbox 406 382 445 443; x_wconf 87' lang='lat' dir='ltr'>P.</span> <span class='ocrx_word' id='word_1_4' title='bbox 473 377 650 444; x_wconf 83' lang='lat' dir='ltr'>OVIDII</span> <span class='ocrx_word' id='word_1_5' title='bbox 676 375 907 448; x_wconf 82' lang='lat' dir='ltr'><strong>NASONIS</strong></span> 
     </span>
    </p>
   </div>
   <div class='ocr_carea' id='block_1_2' title="bbox 62 515 1203 1886">
    <p class='ocr_par' dir='ltr' id='par_1_2' title="bbox 115 515 1154 732">
     <span class='ocr_line' id='line_1_2' title="bbox 115 515 951 615; baseline 0 -22"><span class='ocrx_word' id='word_1_6' title='bbox 115 522 184 594; x_wconf 90' lang='lat' dir='ltr'>Nec</span> <span class='ocrx_word' id='word_1_7' title='bbox 202 546 273 591; x_wconf 90' lang='lat' dir='ltr'>mea</span> <span class='ocrx_word' id='word_1_8' title='bbox 289 517 435 615; x_wconf 87' lang='lat' dir='ltr'>subjecta</span> <span class='ocrx_word' id='word_1_9' title='bbox 450 515 599 590; x_wconf 89' lang='lat' dir='ltr'>convicta</span> <span class='ocrx_word' id='word_1_10' title='bbox 616 534 667 590; x_wconf 88' lang='lat' dir='ltr'>est</span> <span class='ocrx_word' id='word_1_11' title='bbox 682 542 810 611; x_wconf 80' lang='lat' dir='ltr'>gemma</span> <span class='ocrx_word' id='word_1_12' title='bbox 826 517 951 593; x_wconf 86' lang='lat' dir='ltr'>tabella</span> 
     </span>
     <span class='ocr_line' id='line_1_3' title="bbox 164 632 1154 732; baseline 0.003 -24"><span class='ocrx_word' id='word_1_13' title='bbox 164 634 360 708; x_wconf 86' lang='lat' dir='ltr'>Mendacem</span> <span class='ocrx_word' id='word_1_14' title='bbox 378 632 454 706; x_wconf 90' lang='lat' dir='ltr'>linis</span> <span class='ocrx_word' id='word_1_15' title='bbox 471 632 668 732; x_wconf 84' lang='lat' dir='ltr'>imposuisse</span> <span class='ocrx_word' id='word_1_16' title='bbox 683 649 808 705; x_wconf 87' lang='lat' dir='ltr'>notam.</span> <span class='ocrx_word' id='word_1_17' title='bbox 1131 677 1154 731; x_wconf 75' lang='lat'>7⁰</span> 
     </span>
    </p>

    <p class='ocr_par' dir='ltr' id='par_1_3' title="bbox 116 746 1048 957">
     <span class='ocr_line' id='line_1_4' title="bbox 116 746 1048 850; baseline 0.002 -26"><span class='ocrx_word' id='word_1_18' title='bbox 116 754 185 824; x_wconf 91' lang='lat' dir='ltr'>Nec</span> <span class='ocrx_word' id='word_1_19' title='bbox 203 748 403 850; x_wconf 80' lang='lat' dir='ltr'>quidquam,</span> <span class='ocrx_word' id='word_1_20' title='bbox 424 748 514 848; x_wconf 94' lang='lat' dir='ltr'>quod</span> <span class='ocrx_word' id='word_1_21' title='bbox 531 746 602 842; x_wconf 82' lang='lat' dir='ltr'>lege</span> <span class='ocrx_word' id='word_1_22' title='bbox 617 766 706 821; x_wconf 85' lang='lat' dir='ltr'>veter</span> <span class='ocrx_word' id='word_1_23' title='bbox 723 748 948 838; x_wconf 85' lang='lat' dir='ltr'>committere,</span> <span class='ocrx_word' id='word_1_24' title='bbox 966 748 1048 826; x_wconf 82' lang='lat' dir='ltr'>feci:</span> 
     </span>
     <span class='ocr_line' id='line_1_5' title="bbox 165 861 980 957; baseline 0.001 -21"><span class='ocrx_word' id='word_1_25' title='bbox 165 866 210 936; x_wconf 86' lang='lat' dir='ltr'>Et</span> <span class='ocrx_word' id='word_1_26' title='bbox 229 881 335 935; x_wconf 83' lang='lat' dir='ltr'>tamen</span> <span class='ocrx_word' id='word_1_27' title='bbox 354 862 407 935; x_wconf 92' lang='lat' dir='ltr'>his</span> <span class='ocrx_word' id='word_1_28' title='bbox 424 863 555 957; x_wconf 84' lang='lat' dir='ltr'>gravior</span> <span class='ocrx_word' id='word_1_29' title='bbox 567 891 655 936; x_wconf 84' lang='lat' dir='ltr'>nora</span> <span class='ocrx_word' id='word_1_30' title='bbox 669 861 801 936; x_wconf 84' lang='lat' dir='ltr'>fatenda</span> <span class='ocrx_word' id='word_1_31' title='bbox 817 863 902 936; x_wconf 89' lang='lat' dir='ltr'>mihi</span> <span class='ocrx_word' id='word_1_32' title='bbox 920 881 980 937; x_wconf 86' lang='lat' dir='ltr'>est.</span> 
     </span>
    </p>

    <p class='ocr_par' dir='ltr' id='par_1_4' title="bbox 115 977 1168 1165">
     <span class='ocr_line' id='line_1_6' title="bbox 115 977 1168 1080; baseline 0.004 -27"><span class='ocrx_word' id='word_1_33' title='bbox 115 983 205 1053; x_wconf 87' lang='lat' dir='ltr'>Neve</span> <span class='ocrx_word' id='word_1_34' title='bbox 221 1005 316 1072; x_wconf 82' lang='lat' dir='ltr'>roges</span> <span class='ocrx_word' id='word_1_35' title='bbox 333 977 413 1078; x_wconf 91' lang='lat' dir='ltr'>quid</span> <span class='ocrx_word' id='word_1_36' title='bbox 431 977 492 1063; x_wconf 83' lang='lat' dir='ltr'>sit3</span> <span class='ocrx_word' id='word_1_37' title='bbox 510 977 644 1051; x_wconf 88' lang='lat' dir='ltr'>stultam</span> <span class='ocrx_word' id='word_1_38' title='bbox 660 978 920 1078; x_wconf 84' lang='lat' dir='ltr'>conscripsimus</span> <span class='ocrx_word' id='word_1_39' title='bbox 936 980 1069 1057; x_wconf 79' lang='lat' dir='ltr'>Artem:</span> <span class='ocrx_word' id='word_1_40' title='bbox 1165 1071 1168 1080; x_wconf 32' lang='grc' dir='ltr'>Ι</span> 
     </span>
     <span class='ocr_line' id='line_1_7' title="bbox 164 1091 864 1165; baseline -0.003 0"><span class='ocrx_word' id='word_1_41' title='bbox 164 1094 327 1165; x_wconf 82' lang='lat' dir='ltr'>innocuas</span> <span class='ocrx_word' id='word_1_42' title='bbox 343 1091 441 1165; x_wconf 92' lang='lat' dir='ltr'>nobis</span> <span class='ocrx_word' id='word_1_43' title='bbox 456 1091 526 1164; x_wconf 85' lang='lat' dir='ltr'>haec</span> <span class='ocrx_word' id='word_1_44' title='bbox 542 1109 631 1164; x_wconf 87' lang='lat' dir='ltr'>vetat</span> <span class='ocrx_word' id='word_1_45' title='bbox 649 1118 719 1165; x_wconf 87' lang='lat' dir='ltr'>esse</span> <span class='ocrx_word' id='word_1_46' title='bbox 736 1119 864 1164; x_wconf 90' lang='lat' dir='ltr'>manus.</span> 
     </span>
    </p>

    <p class='ocr_par' dir='ltr' id='par_1_5' title="bbox 115 1205 1203 1429">
     <span class='ocr_line' id='line_1_8' title="bbox 115 1205 1203 1319; baseline -0.002 -38"><span class='ocrx_word' id='word_1_47' title='bbox 115 1207 246 1308; x_wconf 85' lang='lat' dir='ltr'>Ecquid</span> <span class='ocrx_word' id='word_1_48' title='bbox 263 1225 418 1308; x_wconf 76' lang='lat' dir='ltr'>praeterea</span> <span class='ocrx_word' id='word_1_49' title='bbox 432 1208 616 1307; x_wconf 84' lang='lat' dir='ltr'>peccarim,</span> <span class='ocrx_word' id='word_1_50' title='bbox 636 1235 781 1308; x_wconf 80' lang='lat' dir='ltr'>quaerere</span> <span class='ocrx_word' id='word_1_51' title='bbox 798 1205 890 1296; x_wconf 86' lang='lat' dir='ltr'>noli;</span> <span class='ocrx_word' id='word_1_52' title='bbox 1132 1227 1154 1297; x_wconf 55' lang='grc' dir='ltr'>ηε</span> <span class='ocrx_word' id='word_1_53' title='bbox 1200 1258 1203 1319; x_wconf 55' lang='lat' dir='ltr'>q</span> 
     </span>
     <span class='ocr_line' id='line_1_9' title="bbox 164 1323 1203 1429; baseline -0.002 -31"><span class='ocrx_word' id='word_1_54' title='bbox 164 1329 210 1399; x_wconf 87' lang='lat' dir='ltr'>Ut</span> <span class='ocrx_word' id='word_1_55' title='bbox 225 1343 336 1425; x_wconf 84' lang='lat' dir='ltr'>pateat</span> <span class='ocrx_word' id='word_1_56' title='bbox 352 1323 422 1399; x_wconf 88' lang='lat' dir='ltr'>sola</span> <span class='ocrx_word' id='word_1_57' title='bbox 440 1323 534 1424; x_wconf 90' lang='lat' dir='ltr'>culpa</span> <span class='ocrx_word' id='word_1_58' title='bbox 553 1326 615 1398; x_wconf 91' lang='lat' dir='ltr'>sub</span> <span class='ocrx_word' id='word_1_59' title='bbox 634 1328 716 1397; x_wconf 80' lang='lat' dir='ltr'>Arte</span> <span class='ocrx_word' id='word_1_60' title='bbox 734 1352 816 1397; x_wconf 89' lang='lat' dir='ltr'>mea.</span> <span class='ocrx_word' id='word_1_61' title='bbox 1201 1358 1203 1429; x_wconf 67' lang='lat' dir='ltr'>l</span> 
     </span>
    </p>

    <p class='ocr_par' dir='ltr' id='par_1_6' title="bbox 115 1432 1203 1649">
     <span class='ocr_line' id='line_1_10' title="bbox 115 1432 1203 1542; baseline -0.001 -27"><span class='ocrx_word' id='word_1_62' title='bbox 115 1441 291 1542; x_wconf 77' lang='lat' dir='ltr'>Quidquid</span> <span class='ocrx_word' id='word_1_63' title='bbox 309 1441 344 1512; x_wconf 91' lang='lat' dir='ltr'>id</span> <span class='ocrx_word' id='word_1_64' title='bbox 361 1458 432 1527; x_wconf 86' lang='lat' dir='ltr'>est,</span> <span class='ocrx_word' id='word_1_65' title='bbox 450 1440 554 1513; x_wconf 90' lang='lat' dir='ltr'>habui</span> <span class='ocrx_word' id='word_1_66' title='bbox 570 1440 771 1513; x_wconf 77' lang='lat' dir='ltr'>moderatam</span> <span class='ocrx_word' id='word_1_67' title='bbox 788 1439 931 1513; x_wconf 86' lang='lat' dir='ltr'>vindicis</span> <span class='ocrx_word' id='word_1_68' title='bbox 946 1440 1051 1514; x_wconf 84' lang='lat' dir='ltr'>iram:</span> <span class='ocrx_word' id='word_1_69' title='bbox 1201 1432 1203 1449; x_wconf 46' lang='grc' dir='ltr'>Ι</span> 
     </span>
     <span class='ocr_line' id='line_1_11' title="bbox 164 1552 995 1649; baseline -0.001 -23"><span class='ocrx_word' id='word_1_70' title='bbox 164 1554 251 1649; x_wconf 82' lang='lat' dir='ltr'>Qui,</span> <span class='ocrx_word' id='word_1_71' title='bbox 270 1554 335 1627; x_wconf 92' lang='lat' dir='ltr'>nisi</span> <span class='ocrx_word' id='word_1_72' title='bbox 352 1553 510 1640; x_wconf 86' lang='lat' dir='ltr'>natalem,</span> <span class='ocrx_word' id='word_1_73' title='bbox 527 1552 576 1625; x_wconf 94' lang='lat' dir='ltr'>nil</span> <span class='ocrx_word' id='word_1_74' title='bbox 593 1553 676 1626; x_wconf 88' lang='lat' dir='ltr'>mihi</span> <span class='ocrx_word' id='word_1_75' title='bbox 692 1553 825 1639; x_wconf 86' lang='lat' dir='ltr'>demsit‚</span> <span class='ocrx_word' id='word_1_76' title='bbox 844 1554 995 1626; x_wconf 90' lang='lat' dir='ltr'>humum.</span> 
     </span>
    </p>

    <p class='ocr_par' dir='ltr' id='par_1_7' title="bbox 114 1668 977 1770">
     <span class='ocr_line' id='line_1_12' title="bbox 114 1668 977 1770; baseline 0 -29"><span class='ocrx_word' id='word_1_77' title='bbox 114 1671 186 1741; x_wconf 89' lang='lat' dir='ltr'>Hac</span> <span class='ocrx_word' id='word_1_78' title='bbox 206 1668 363 1769; x_wconf 90' lang='lat' dir='ltr'>quoniam</span> <span class='ocrx_word' id='word_1_79' title='bbox 379 1696 495 1754; x_wconf 87' lang='lat' dir='ltr'>careo,</span> <span class='ocrx_word' id='word_1_80' title='bbox 516 1685 571 1741; x_wconf 90' lang='lat' dir='ltr'>tua</span> <span class='ocrx_word' id='word_1_81' title='bbox 584 1696 674 1741; x_wconf 92' lang='lat' dir='ltr'>nunc</span> <span class='ocrx_word' id='word_1_82' title='bbox 690 1669 809 1743; x_wconf 88' lang='lat' dir='ltr'>vicinia</span> <span class='ocrx_word' id='word_1_83' title='bbox 825 1685 977 1770; x_wconf 69' lang='lat' dir='ltr'>prestet,</span> 
     </span>
    </p>

    <p class='ocr_par' dir='ltr' id='par_1_8' title="bbox 62 1778 1159 1886">
     <span class='ocr_line' id='line_1_13' title="bbox 62 1778 1159 1886; baseline -0.004 -25"><span class='ocrx_word' id='word_1_84' title='bbox 62 1778 64 1783; x_wconf 75' lang='lat'><em>.</em></span> <span class='ocrx_word' id='word_1_85' title='bbox 162 1786 274 1861; x_wconf 91' lang='lat' dir='ltr'>lnviso</span> <span class='ocrx_word' id='word_1_86' title='bbox 292 1785 414 1886; x_wconf 90' lang='lat' dir='ltr'>possim</span> <span class='ocrx_word' id='word_1_87' title='bbox 435 1802 525 1858; x_wconf 89' lang='lat' dir='ltr'>tutus</span> <span class='ocrx_word' id='word_1_88' title='bbox 543 1804 582 1858; x_wconf 89' lang='lat' dir='ltr'>ut</span> <span class='ocrx_word' id='word_1_89' title='bbox 600 1814 669 1860; x_wconf 89' lang='lat' dir='ltr'>esse</span> <span class='ocrx_word' id='word_1_90' title='bbox 686 1785 771 1859; x_wconf 90' lang='lat' dir='ltr'>loco.</span> <span class='ocrx_word' id='word_1_91' title='bbox 1077 1854 1081 1859; x_wconf 83' lang='grc'>,</span> <span class='ocrx_word' id='word_1_92' title='bbox 1136 1803 1159 1856; x_wconf 72' lang='lat' dir='ltr'>to</span> 
     </span>
    </p>
   </div>
   <div class='ocr_carea' id='block_1_3' title="bbox 111 1956 1171 3984">
    <p class='ocr_par' dir='ltr' id='par_1_9' title="bbox 111 1956 1171 3984">
     <span class='ocr_line' id='line_1_14' title="bbox 145 1956 1160 2029; baseline 0.001 -20"><span class='ocrx_word' id='word_1_93' title='bbox 145 1960 186 2029; x_wconf 68' lang='lat' dir='ltr'>oq</span> <span class='ocrx_word' id='word_1_94' title='bbox 198 1959 255 2010; x_wconf 80' lang='lat' dir='ltr'>Nou</span> <span class='ocrx_word' id='word_1_95' title='bbox 268 1976 323 2010; x_wconf 83' lang='lat' dir='ltr'>mea</span> <span class='ocrx_word' id='word_1_96' title='bbox 335 1957 450 2021; x_wconf 77' lang='lat' dir='ltr'>subjecta</span> <span class='ocrx_word' id='word_1_97' title='bbox 461 1961 623 2010; x_wconf 62' lang='lat' dir='ltr'>concremes!</span> <span class='ocrx_word' id='word_1_98' title='bbox 669 1962 746 2012; x_wconf 78' lang='lat' dir='ltr'>tenda</span> <span class='ocrx_word' id='word_1_99' title='bbox 757 1961 825 2011; x_wconf 64' lang='lat' dir='ltr'>mibi:</span> <span class='ocrx_word' id='word_1_100' title='bbox 843 1961 881 2012; x_wconf 85' lang='lat' dir='ltr'>E!</span> <span class='ocrx_word' id='word_1_101' title='bbox 892 1968 978 2011; x_wconf 81' lang='lat' dir='ltr'>tamen</span> <span class='ocrx_word' id='word_1_102' title='bbox 996 1956 1160 2026; x_wconf 63' lang='lat' dir='ltr'>eonsules&amp;</span> 
     </span>
     <span class='ocr_line' id='line_1_15' title="bbox 111 2038 1078 2104; baseline 0 -14"><span class='ocrx_word' id='word_1_103' title='bbox 111 2056 207 2104; x_wconf 67' lang='lat' dir='ltr'>gemma</span> <span class='ocrx_word' id='word_1_104' title='bbox 214 2040 308 2088; x_wconf 80' lang='lat' dir='ltr'>tabella</span> <span class='ocrx_word' id='word_1_105' title='bbox 317 2038 464 2087; x_wconf 67' lang='lat' dir='ltr'>Mndacem</span> <span class='ocrx_word' id='word_1_106' title='bbox 473 2041 537 2087; x_wconf 79' lang='lat' dir='ltr'>ceris</span> <span class='ocrx_word' id='word_1_107' title='bbox 543 2041 624 2104; x_wconf 82' lang='lat' dir='ltr'>impo-</span> <span class='ocrx_word' id='word_1_108' title='bbox 671 2042 783 2093; x_wconf 79' lang='lat' dir='ltr'>mihies!</span> <span class='ocrx_word' id='word_1_109' title='bbox 793 2039 887 2092; x_wconf 87' lang='lat' dir='ltr'>rectius</span> <span class='ocrx_word' id='word_1_110' title='bbox 902 2048 956 2092; x_wconf 84' lang='lat' dir='ltr'>tres</span> <span class='ocrx_word' id='word_1_111' title='bbox 967 2047 1078 2091; x_wconf 80' lang='lat' dir='ltr'>veteres.</span> 
     </span>
     <span class='ocr_line' id='line_1_16' title="bbox 114 2111 1161 2186; baseline 0.002 -21"><span class='ocrx_word' id='word_1_112' title='bbox 114 2119 294 2166; x_wconf 75' lang='lat' dir='ltr'>suissenotam,</span> <span class='ocrx_word' id='word_1_113' title='bbox 311 2115 383 2164; x_wconf 83' lang='lat' dir='ltr'>Lr&#39;m&#39;s</span> <span class='ocrx_word' id='word_1_114' title='bbox 397 2117 546 2179; x_wconf 79' lang='lat' dir='ltr'>imposuisse</span> <span class='ocrx_word' id='word_1_115' title='bbox 558 2111 622 2165; x_wconf 91' lang='lat' dir='ltr'>scri·</span> <span class='ocrx_word' id='word_1_116' title='bbox 699 2117 737 2186; x_wconf 85' lang='lat'>73.</span> <span class='ocrx_word' id='word_1_117' title='bbox 748 2118 1161 2184; x_wconf 68' lang='lat' dir='ltr'>Neverogesquoesr&#39;lsmltmqm</span> 
     </span>
     <span class='ocr_line' id='line_1_17' title="bbox 112 2188 1163 2260; baseline -0.001 -16"><span class='ocrx_word' id='word_1_118' title='bbox 112 2190 231 2244; x_wconf 80' lang='lat' dir='ltr'>bendum</span> <span class='ocrx_word' id='word_1_119' title='bbox 241 2210 302 2243; x_wconf 89' lang='lat' dir='ltr'>curn</span> <span class='ocrx_word' id='word_1_120' title='bbox 315 2188 418 2243; x_wconf 82' lang='lat' dir='ltr'>Sarrav.</span> <span class='ocrx_word' id='word_1_121' title='bbox 435 2189 558 2258; x_wconf 80' lang='lat' dir='ltr'>Scaligeri</span> <span class='ocrx_word' id='word_1_122' title='bbox 577 2209 624 2244; x_wconf 87' lang='lat' dir='ltr'>co-</span> <span class='ocrx_word' id='word_1_123' title='bbox 669 2199 814 2259; x_wconf 63' lang='lat' dir='ltr'>scripsimus</span> <span class='ocrx_word' id='word_1_124' title='bbox 823 2192 993 2246; x_wconf 80' lang='lat' dir='ltr'>artem.Malo</span> <span class='ocrx_word' id='word_1_125' title='bbox 1000 2200 1163 2260; x_wconf 80' lang='lat' dir='ltr'>cumquatnor</span> 
     </span>
     <span class='ocr_line' id='line_1_18' title="bbox 113 2266 1163 2341; baseline 0.003 -21"><span class='ocrx_word' id='word_1_126' title='bbox 113 2267 185 2333; x_wconf 87' lang='lat' dir='ltr'>dice,</span> <span class='ocrx_word' id='word_1_127' title='bbox 200 2268 307 2338; x_wconf 75' lang='lat' dir='ltr'>Argent.</span> <span class='ocrx_word' id='word_1_128' title='bbox 315 2278 342 2320; x_wconf 92' lang='lat' dir='ltr'>et</span> <span class='ocrx_word' id='word_1_129' title='bbox 350 2285 404 2320; x_wconf 90' lang='lat' dir='ltr'>uno</span> <span class='ocrx_word' id='word_1_130' title='bbox 415 2266 543 2320; x_wconf 82' lang='lat' dir='ltr'>Vaticano</span> <span class='ocrx_word' id='word_1_131' title='bbox 553 2286 559 2319; x_wconf 90' lang='lat'>:</span> <span class='ocrx_word' id='word_1_132' title='bbox 568 2267 624 2319; x_wconf 87' lang='lat' dir='ltr'>vin·</span> <span class='ocrx_word' id='word_1_133' title='bbox 670 2273 792 2341; x_wconf 77' lang='lat' dir='ltr'>antiquis,</span> <span class='ocrx_word' id='word_1_134' title='bbox 801 2295 815 2320; x_wconf 71' lang='grc' dir='ltr'>«ι</span> <span class='ocrx_word' id='word_1_135' title='bbox 828 2273 900 2325; x_wconf 85' lang='lat' dir='ltr'>Neve</span> <span class='ocrx_word' id='word_1_136' title='bbox 912 2290 989 2340; x_wconf 82' lang='lat' dir='ltr'>roges</span> <span class='ocrx_word' id='word_1_137' title='bbox 996 2266 1163 2340; x_wconf 71' lang='lat' dir='ltr'>quidsisnut</span> 
     </span>
     <span class='ocr_line' id='line_1_19' title="bbox 113 2343 1128 2418; baseline 0.001 -18"><span class='ocrx_word' id='word_1_138' title='bbox 113 2345 172 2400; x_wconf 84' lang='lat' dir='ltr'>cula</span> <span class='ocrx_word' id='word_1_139' title='bbox 183 2346 251 2400; x_wconf 87' lang='lat' dir='ltr'>linea</span> <span class='ocrx_word' id='word_1_140' title='bbox 260 2345 380 2413; x_wconf 82' lang='lat' dir='ltr'>iutelligit</span> <span class='ocrx_word' id='word_1_141' title='bbox 392 2363 450 2414; x_wconf 84' lang='lat' dir='ltr'>quae</span> <span class='ocrx_word' id='word_1_142' title='bbox 463 2343 563 2397; x_wconf 84' lang='lat' dir='ltr'>tabellis</span> <span class='ocrx_word' id='word_1_143' title='bbox 577 2345 624 2398; x_wconf 88' lang='lat' dir='ltr'>ob·</span> <span class='ocrx_word' id='word_1_144' title='bbox 671 2360 724 2402; x_wconf 85' lang='lat' dir='ltr'>tam</span> <span class='ocrx_word' id='word_1_145' title='bbox 737 2349 936 2418; x_wconf 83' lang='lat' dir='ltr'>conscripsimus</span> <span class='ocrx_word' id='word_1_146' title='bbox 948 2349 1055 2402; x_wconf 81' lang='lat' dir='ltr'>Artem.</span> <span class='ocrx_word' id='word_1_147' title='bbox 1068 2370 1082 2396; x_wconf 74' lang='lat' dir='ltr'>s</span> <span class='ocrx_word' id='word_1_148' title='bbox 1094 2348 1128 2401; x_wconf 81' lang='lat' dir='ltr'>H.</span> 
     </span>
     <span class='ocr_line' id='line_1_20' title="bbox 114 2422 1166 2497; baseline -0.001 -18"><span class='ocrx_word' id='word_1_149' title='bbox 114 2425 246 2495; x_wconf 75' lang='lat' dir='ltr'>signandis</span> <span class='ocrx_word' id='word_1_150' title='bbox 258 2424 375 2479; x_wconf 86' lang='lat' dir='ltr'>adhiberi</span> <span class='ocrx_word' id='word_1_151' title='bbox 386 2425 460 2477; x_wconf 90' lang='lat' dir='ltr'>solita</span> <span class='ocrx_word' id='word_1_152' title='bbox 472 2443 479 2478; x_wconf 78' lang='lat' dir='ltr'>t</span> <span class='ocrx_word' id='word_1_153' title='bbox 492 2425 538 2479; x_wconf 85' lang='lat' dir='ltr'>lini</span> <span class='ocrx_word' id='word_1_154' title='bbox 550 2426 623 2478; x_wconf 89' lang='lat' dir='ltr'>enim</span> <span class='ocrx_word' id='word_1_155' title='bbox 705 2434 743 2497; x_wconf 84' lang='lat'>75.</span> <span class='ocrx_word' id='word_1_156' title='bbox 754 2431 791 2480; x_wconf 80' lang='lat' dir='ltr'>Et</span> <span class='ocrx_word' id='word_1_157' title='bbox 800 2430 866 2496; x_wconf 77' lang='lat' dir='ltr'>qur&#39;d.</span> <span class='ocrx_word' id='word_1_158' title='bbox 884 2428 988 2494; x_wconf 82' lang='lat' dir='ltr'>Ecquid</span> <span class='ocrx_word' id='word_1_159' title='bbox 996 2426 1102 2480; x_wconf 74' lang='lat' dir='ltr'>Sarrae.</span> <span class='ocrx_word' id='word_1_160' title='bbox 1113 2422 1166 2477; x_wconf 79' lang='lat' dir='ltr'>Me-</span> 
     </span>
     <span class='ocr_line' id='line_1_21' title="bbox 115 2497 1165 2573; baseline 0.001 -17"><span class='ocrx_word' id='word_1_161' title='bbox 115 2523 176 2557; x_wconf 81' lang='lat' dir='ltr'>usus</span> <span class='ocrx_word' id='word_1_162' title='bbox 186 2503 212 2556; x_wconf 90' lang='lat' dir='ltr'>in</span> <span class='ocrx_word' id='word_1_163' title='bbox 225 2502 392 2572; x_wconf 80' lang='lat' dir='ltr'>obsignandis</span> <span class='ocrx_word' id='word_1_164' title='bbox 411 2502 509 2555; x_wconf 84' lang='lat' dir='ltr'>tabellis</span> <span class='ocrx_word' id='word_1_165' title='bbox 528 2513 623 2555; x_wconf 90' lang='lat' dir='ltr'>notus:</span> <span class='ocrx_word' id='word_1_166' title='bbox 670 2497 1165 2573; x_wconf 72' lang='lat' dir='ltr'>doniiunuscumprimaedirionequol</span> 
     </span>
     <span class='ocr_line' id='line_1_22' title="bbox 115 2579 1145 2654; baseline -0.004 -18"><span class='ocrx_word' id='word_1_167' title='bbox 115 2583 192 2637; x_wconf 88' lang='lat' dir='ltr'>multi</span> <span class='ocrx_word' id='word_1_168' title='bbox 200 2593 320 2636; x_wconf 89' lang='lat' dir='ltr'>veterum</span> <span class='ocrx_word' id='word_1_169' title='bbox 331 2585 420 2648; x_wconf 48' lang='lat' dir='ltr'>ligari,</span> <span class='ocrx_word' id='word_1_170' title='bbox 434 2580 505 2648; x_wconf 91' lang='lat' dir='ltr'>quod</span> <span class='ocrx_word' id='word_1_171' title='bbox 515 2579 624 2648; x_wconf 86' lang='lat' dir='ltr'>Cujacio</span> <span class='ocrx_word' id='word_1_172' title='bbox 670 2587 784 2654; x_wconf 73' lang='lat' dir='ltr'>probant</span> <span class='ocrx_word' id='word_1_173' title='bbox 794 2585 919 2637; x_wconf 76' lang='lat' dir='ltr'>Heinsius</span> <span class='ocrx_word' id='word_1_174' title='bbox 936 2595 964 2636; x_wconf 83' lang='lat' dir='ltr'>et</span> <span class='ocrx_word' id='word_1_175' title='bbox 973 2584 1145 2636; x_wconf 74' lang='lat' dir='ltr'>Burmannus.</span> 
     </span>
     <span class='ocr_line' id='line_1_23' title="bbox 116 2661 1167 2732; baseline -0.003 -15"><span class='ocrx_word' id='word_1_176' title='bbox 116 2662 227 2717; x_wconf 85' lang='lat' dir='ltr'>Observ.</span> <span class='ocrx_word' id='word_1_177' title='bbox 240 2663 283 2716; x_wconf 92' lang='lat' dir='ltr'>lib.</span> <span class='ocrx_word' id='word_1_178' title='bbox 297 2662 353 2727; x_wconf 85' lang='lat' dir='ltr'>Xl,</span> <span class='ocrx_word' id='word_1_179' title='bbox 366 2680 421 2729; x_wconf 83' lang='lat' dir='ltr'>cap.</span> <span class='ocrx_word' id='word_1_180' title='bbox 436 2662 480 2726; x_wconf 60' lang='grc' dir='ltr'>ιζ,</span> <span class='ocrx_word' id='word_1_181' title='bbox 494 2661 623 2729; x_wconf 83' lang='lat' dir='ltr'>placebnt;</span> <span class='ocrx_word' id='word_1_182' title='bbox 705 2664 746 2732; x_wconf 76' lang='lat'>76.</span> <span class='ocrx_word' id='word_1_183' title='bbox 760 2665 898 2730; x_wconf 76' lang='lat' dir='ltr'>Utpaleal.</span> <span class='ocrx_word' id='word_1_184' title='bbox 907 2661 1004 2714; x_wconf 84' lang='lat' dir='ltr'>Malim</span> <span class='ocrx_word' id='word_1_185' title='bbox 1013 2666 1106 2723; x_wconf 75' lang='lat' dir='ltr'>lateat,</span> <span class='ocrx_word' id='word_1_186' title='bbox 1120 2675 1167 2713; x_wconf 74' lang='lat' dir='ltr'>om</span> 
     </span>
     <span class='ocr_line' id='line_1_24' title="bbox 114 2737 1167 2811; baseline -0.007 -15"><span class='ocrx_word' id='word_1_187' title='bbox 114 2743 157 2796; x_wconf 91' lang='lat' dir='ltr'>alii</span> <span class='ocrx_word' id='word_1_188' title='bbox 172 2748 268 2811; x_wconf 53' lang='lat' dir='ltr'>signin</span> <span class='ocrx_word' id='word_1_189' title='bbox 281 2741 419 2795; x_wconf 88' lang='lat' dir='ltr'>Barberin.</span> <span class='ocrx_word' id='word_1_190' title='bbox 433 2743 541 2806; x_wconf 46' lang='lat' dir='ltr'>tubuli&amp;</span> <span class='ocrx_word' id='word_1_191' title='bbox 559 2740 624 2793; x_wconf 86' lang='lat' dir='ltr'>alius</span> <span class='ocrx_word' id='word_1_192' title='bbox 672 2743 810 2795; x_wconf 86' lang='lat' dir='ltr'>Puteaneo</span> <span class='ocrx_word' id='word_1_193' title='bbox 818 2751 845 2793; x_wconf 88' lang='lat' dir='ltr'>et</span> <span class='ocrx_word' id='word_1_194' title='bbox 853 2738 978 2792; x_wconf 87' lang='lat' dir='ltr'>undecim</span> <span class='ocrx_word' id='word_1_195' title='bbox 987 2737 1167 2792; x_wconf 79' lang='lat' dir='ltr'>aliiststudiose</span> 
     </span>
     <span class='ocr_line' id='line_1_25' title="bbox 116 2814 1157 2890; baseline -0.006 -17"><span class='ocrx_word' id='word_1_196' title='bbox 116 2820 210 2876; x_wconf 74' lang='lat' dir='ltr'>clanis</span> <span class='ocrx_word' id='word_1_197' title='bbox 222 2843 230 2876; x_wconf 88' lang='lat'><em>:</em></span> <span class='ocrx_word' id='word_1_198' title='bbox 242 2833 369 2889; x_wconf 66' lang='lat' dir='ltr'>preterea</span> <span class='ocrx_word' id='word_1_199' title='bbox 376 2819 458 2890; x_wconf 87' lang='lat' dir='ltr'>priori</span> <span class='ocrx_word' id='word_1_200' title='bbox 472 2838 565 2885; x_wconf 81' lang='lat' dir='ltr'>versu,</span> <span class='ocrx_word' id='word_1_201' title='bbox 568 2817 626 2885; x_wconf 86' lang='lat' dir='ltr'>sal·</span> <span class='ocrx_word' id='word_1_202' title='bbox 672 2820 744 2872; x_wconf 89' lang='lat' dir='ltr'>enim</span> <span class='ocrx_word' id='word_1_203' title='bbox 754 2837 860 2886; x_wconf 85' lang='lat' dir='ltr'>semper</span> <span class='ocrx_word' id='word_1_204' title='bbox 871 2834 967 2869; x_wconf 83' lang='lat' dir='ltr'>verum</span> <span class='ocrx_word' id='word_1_205' title='bbox 977 2817 1082 2869; x_wconf 82' lang='lat' dir='ltr'>crimen</span> <span class='ocrx_word' id='word_1_206' title='bbox 1095 2814 1157 2869; x_wconf 81' lang='lat' dir='ltr'>oebt</span> 
     </span>
     <span class='ocr_line' id='line_1_26' title="bbox 116 2892 1169 2966; baseline -0.008 -17"><span class='ocrx_word' id='word_1_207' title='bbox 116 2900 172 2949; x_wconf 78' lang='lat' dir='ltr'>laci</span> <span class='ocrx_word' id='word_1_208' title='bbox 179 2899 295 2949; x_wconf 61' lang='lat' dir='ltr'>cosmeta</span> <span class='ocrx_word' id='word_1_209' title='bbox 304 2907 343 2948; x_wconf 80' lang='lat' dir='ltr'>est</span> <span class='ocrx_word' id='word_1_210' title='bbox 350 2904 450 2962; x_wconf 66' lang='lat' dir='ltr'>&#39;gemm</span> <span class='ocrx_word' id='word_1_211' title='bbox 460 2900 552 2963; x_wconf 59' lang='lat' dir='ltr'>salcido,</span> <span class='ocrx_word' id='word_1_212' title='bbox 566 2895 626 2949; x_wconf 85' lang='lat' dir='ltr'>Sca·</span> <span class='ocrx_word' id='word_1_213' title='bbox 706 2917 744 2966; x_wconf 82' lang='lat'>77.</span> <span class='ocrx_word' id='word_1_214' title='bbox 755 2895 969 2962; x_wconf 61' lang='lat' dir='ltr'>Quidqurdr&#39;dest.</span> <span class='ocrx_word' id='word_1_215' title='bbox 981 2892 1169 2960; x_wconf 80' lang='lat' dir='ltr'>Qualecuanuc</span> 
     </span>
     <span class='ocr_line' id='line_1_27' title="bbox 116 2969 1169 3042; baseline -0.002 -17"><span class='ocrx_word' id='word_1_216' title='bbox 116 2974 191 3042; x_wconf 83' lang='lat' dir='ltr'>ligeri</span> <span class='ocrx_word' id='word_1_217' title='bbox 204 2972 285 3026; x_wconf 84' lang='lat' dir='ltr'>codex</span> <span class='ocrx_word' id='word_1_218' title='bbox 301 2992 308 3025; x_wconf 70' lang='grc' dir='ltr'>ε</span> <span class='ocrx_word' id='word_1_219' title='bbox 327 2971 397 3042; x_wconf 91' lang='lat' dir='ltr'>quod</span> <span class='ocrx_word' id='word_1_220' title='bbox 415 2981 442 3025; x_wconf 88' lang='lat' dir='ltr'>et</span> <span class='ocrx_word' id='word_1_221' title='bbox 455 2972 580 3040; x_wconf 76' lang='lat' dir='ltr'>Cujacius</span> <span class='ocrx_word' id='word_1_222' title='bbox 597 2973 626 3023; x_wconf 89' lang='lat' dir='ltr'>iu</span> <span class='ocrx_word' id='word_1_223' title='bbox 674 2984 712 3025; x_wconf 89' lang='lat' dir='ltr'>est</span> <span class='ocrx_word' id='word_1_224' title='bbox 726 2973 767 3039; x_wconf 83' lang='lat' dir='ltr'>id,</span> <span class='ocrx_word' id='word_1_225' title='bbox 780 2973 855 3040; x_wconf 78' lang='lat' dir='ltr'>cujus</span> <span class='ocrx_word' id='word_1_226' title='bbox 862 2988 939 3023; x_wconf 83' lang='lat' dir='ltr'>cause</span> <span class='ocrx_word' id='word_1_227' title='bbox 948 2969 1169 3039; x_wconf 72' lang='lat' dir='ltr'>relegatussnn-</span> 
     </span>
     <span class='ocr_line' id='line_1_28' title="bbox 116 3048 1170 3106; baseline -0.006 -1"><span class='ocrx_word' id='word_1_228' title='bbox 116 3052 169 3105; x_wconf 84' lang='lat' dir='ltr'>suis</span> <span class='ocrx_word' id='word_1_229' title='bbox 181 3051 319 3106; x_wconf 84' lang='lat' dir='ltr'>videbatur</span> <span class='ocrx_word' id='word_1_230' title='bbox 330 3051 468 3106; x_wconf 83' lang='lat' dir='ltr'>invenisse.</span> <span class='ocrx_word' id='word_1_231' title='bbox 481 3053 583 3104; x_wconf 72' lang='lat' dir='ltr'>Helus.</span> <span class='ocrx_word' id='word_1_232' title='bbox 594 3078 627 3091; x_wconf 92' lang='lat'>-</span> <span class='ocrx_word' id='word_1_233' title='bbox 672 3054 925 3106; x_wconf 78' lang='lat' dir='ltr'>Habuitmodemtam</span> <span class='ocrx_word' id='word_1_234' title='bbox 933 3051 1048 3101; x_wconf 64' lang='lat' dir='ltr'>madens</span> <span class='ocrx_word' id='word_1_235' title='bbox 1056 3054 1124 3102; x_wconf 74' lang='grc' dir='ltr'>ἰναιι.</span> <span class='ocrx_word' id='word_1_236' title='bbox 1129 3048 1170 3101; x_wconf 74' lang='lat' dir='ltr'>He</span> 
     </span>
     <span class='ocr_line' id='line_1_29' title="bbox 118 3126 1114 3197; baseline -0.002 -13"><span class='ocrx_word' id='word_1_237' title='bbox 118 3133 226 3184; x_wconf 80' lang='lat' dir='ltr'>Gemma</span> <span class='ocrx_word' id='word_1_238' title='bbox 235 3149 299 3182; x_wconf 82' lang='lat' dir='ltr'>mea.</span> <span class='ocrx_word' id='word_1_239' title='bbox 315 3131 394 3184; x_wconf 89' lang='lat' dir='ltr'>Meus</span> <span class='ocrx_word' id='word_1_240' title='bbox 406 3131 519 3184; x_wconf 82' lang='lat' dir='ltr'>annulus</span> <span class='ocrx_word' id='word_1_241' title='bbox 541 3139 568 3182; x_wconf 90' lang='lat' dir='ltr'>et</span> <span class='ocrx_word' id='word_1_242' title='bbox 587 3127 624 3181; x_wconf 86' lang='lat' dir='ltr'>si·</span> <span class='ocrx_word' id='word_1_243' title='bbox 672 3133 719 3182; x_wconf 80' lang='lat' dir='ltr'>bui</span> <span class='ocrx_word' id='word_1_244' title='bbox 727 3139 831 3197; x_wconf 70' lang='lat' dir='ltr'>prestat</span> <span class='ocrx_word' id='word_1_245' title='bbox 843 3146 904 3181; x_wconf 88' lang='lat' dir='ltr'>cum</span> <span class='ocrx_word' id='word_1_246' title='bbox 920 3126 1066 3182; x_wconf 84' lang='lat' dir='ltr'>nonnuliis.</span> <span class='ocrx_word' id='word_1_247' title='bbox 1080 3129 1114 3182; x_wconf 79' lang='lat' dir='ltr'>fl.</span> 
     </span>
     <span class='ocr_line' id='line_1_30' title="bbox 118 3204 1171 3277; baseline -0.005 -17"><span class='ocrx_word' id='word_1_248' title='bbox 118 3207 226 3277; x_wconf 81' lang='lat' dir='ltr'>gillum‚</span> <span class='ocrx_word' id='word_1_249' title='bbox 246 3218 372 3276; x_wconf 87' lang='lat' dir='ltr'>tanquam</span> <span class='ocrx_word' id='word_1_250' title='bbox 391 3209 457 3262; x_wconf 82' lang='lat' dir='ltr'>salso</span> <span class='ocrx_word' id='word_1_251' title='bbox 469 3205 626 3277; x_wconf 79' lang='lat' dir='ltr'>signaverim</span> <span class='ocrx_word' id='word_1_252' title='bbox 708 3208 747 3276; x_wconf 85' lang='lat'>78.</span> <span class='ocrx_word' id='word_1_253' title='bbox 758 3211 811 3259; x_wconf 74' lang='lat' dir='ltr'>Nil.</span> <span class='ocrx_word' id='word_1_254' title='bbox 824 3205 895 3259; x_wconf 87' lang='lat' dir='ltr'>Nibil</span> <span class='ocrx_word' id='word_1_255' title='bbox 909 3204 989 3258; x_wconf 89' lang='lat' dir='ltr'>aliud.</span> <span class='ocrx_word' id='word_1_256' title='bbox 1002 3205 1171 3276; x_wconf 73' lang='lat' dir='ltr'>intelligitu-</span> 
     </span>
     <span class='ocr_line' id='line_1_31' title="bbox 118 3283 1170 3352; baseline -0.004 -13"><span class='ocrx_word' id='word_1_257' title='bbox 118 3286 443 3352; x_wconf 73' lang='lat' dir='ltr'>testamenta.-Sub)ecta</span> <span class='ocrx_word' id='word_1_258' title='bbox 451 3289 554 3339; x_wconf 78' lang='lat' dir='ltr'>tabella.</span> <span class='ocrx_word' id='word_1_259' title='bbox 561 3283 626 3336; x_wconf 88' lang='lat' dir='ltr'>Sub·</span> <span class='ocrx_word' id='word_1_260' title='bbox 674 3300 728 3341; x_wconf 87' lang='lat' dir='ltr'>tem</span> <span class='ocrx_word' id='word_1_261' title='bbox 739 3284 868 3350; x_wconf 75' lang='lat' dir='ltr'>fortunas,</span> <span class='ocrx_word' id='word_1_262' title='bbox 878 3303 937 3352; x_wconf 74' lang='lat' dir='ltr'>quie</span> <span class='ocrx_word' id='word_1_263' title='bbox 944 3284 1078 3347; x_wconf 63' lang='lat' dir='ltr'>exsulibus</span> <span class='ocrx_word' id='word_1_264' title='bbox 1088 3283 1170 3335; x_wconf 78' lang='lat' dir='ltr'>adime·</span> 
     </span>
     <span class='ocr_line' id='line_1_32' title="bbox 119 3364 1169 3434; baseline -0.001 -18"><span class='ocrx_word' id='word_1_265' title='bbox 119 3364 202 3434; x_wconf 91' lang='lat' dir='ltr'>posita</span> <span class='ocrx_word' id='word_1_266' title='bbox 219 3365 414 3416; x_wconf 79' lang='lat' dir='ltr'>testamentaria</span> <span class='ocrx_word' id='word_1_267' title='bbox 427 3365 528 3417; x_wconf 85' lang='lat' dir='ltr'>tabella.</span> <span class='ocrx_word' id='word_1_268' title='bbox 674 3369 784 3432; x_wconf 77' lang='lat' dir='ltr'>bantur,</span> <span class='ocrx_word' id='word_1_269' title='bbox 797 3365 845 3418; x_wconf 87' lang='lat' dir='ltr'>sibi</span> <span class='ocrx_word' id='word_1_270' title='bbox 852 3364 1072 3419; x_wconf 67' lang='lat' dir='ltr'>relictas-Nisi</span> <span class='ocrx_word' id='word_1_271' title='bbox 1078 3366 1169 3416; x_wconf 74' lang='lat' dir='ltr'>natales</span> 
     </span>
     <span class='ocr_line' id='line_1_33' title="bbox 152 3437 1169 3512; baseline -0.001 -18"><span class='ocrx_word' id='word_1_272' title='bbox 152 3460 191 3512; x_wconf 83' lang='lat'>7⁰·</span> <span class='ocrx_word' id='word_1_273' title='bbox 205 3443 354 3497; x_wconf 76' lang='lat' dir='ltr'>Mendacem</span> <span class='ocrx_word' id='word_1_274' title='bbox 366 3455 459 3495; x_wconf 72' lang='lat' dir='ltr'>nolam.</span> <span class='ocrx_word' id='word_1_275' title='bbox 472 3443 579 3495; x_wconf 83' lang='lat' dir='ltr'>Falsum</span> <span class='ocrx_word' id='word_1_276' title='bbox 589 3443 626 3496; x_wconf 84' lang='lat' dir='ltr'>si·</span> <span class='ocrx_word' id='word_1_277' title='bbox 673 3453 782 3502; x_wconf 75' lang='lat' dir='ltr'>humum.</span> <span class='ocrx_word' id='word_1_278' title='bbox 790 3445 846 3500; x_wconf 87' lang='lat' dir='ltr'>Nisi</span> <span class='ocrx_word' id='word_1_279' title='bbox 856 3444 942 3496; x_wconf 90' lang='lat' dir='ltr'>solum</span> <span class='ocrx_word' id='word_1_280' title='bbox 953 3445 1124 3509; x_wconf 76' lang='lat' dir='ltr'>Romanum,</span> <span class='ocrx_word' id='word_1_281' title='bbox 1135 3437 1169 3493; x_wconf 84' lang='lat' dir='ltr'>ubi</span> 
     </span>
     <span class='ocr_line' id='line_1_34' title="bbox 119 3518 1169 3589; baseline 0 -18"><span class='ocrx_word' id='word_1_282' title='bbox 119 3521 218 3589; x_wconf 83' lang='lat' dir='ltr'>gilium.</span> <span class='ocrx_word' id='word_1_283' title='bbox 237 3518 277 3573; x_wconf 90' lang='lat' dir='ltr'>Hi</span> <span class='ocrx_word' id='word_1_284' title='bbox 288 3529 377 3573; x_wconf 82' lang='lat' dir='ltr'>eutem</span> <span class='ocrx_word' id='word_1_285' title='bbox 395 3539 409 3571; x_wconf 93' lang='lat' dir='ltr'>a</span> <span class='ocrx_word' id='word_1_286' title='bbox 429 3521 555 3574; x_wconf 85' lang='lat' dir='ltr'>Romanis</span> <span class='ocrx_word' id='word_1_287' title='bbox 575 3520 628 3573; x_wconf 92' lang='lat' dir='ltr'>de·</span> <span class='ocrx_word' id='word_1_288' title='bbox 673 3527 799 3579; x_wconf 70' lang='lat' dir='ltr'>educatus</span> <span class='ocrx_word' id='word_1_289' title='bbox 809 3542 886 3588; x_wconf 82' lang='lat' dir='ltr'>snm,</span> <span class='ocrx_word' id='word_1_290' title='bbox 899 3520 1033 3575; x_wconf 89' lang='lat' dir='ltr'>mittendo</span> <span class='ocrx_word' id='word_1_291' title='bbox 1047 3542 1090 3576; x_wconf 87' lang='lat' dir='ltr'>me</span> <span class='ocrx_word' id='word_1_292' title='bbox 1100 3522 1125 3574; x_wconf 88' lang='lat' dir='ltr'>in</span> <span class='ocrx_word' id='word_1_293' title='bbox 1135 3536 1169 3571; x_wconf 78' lang='lat' dir='ltr'>ex·</span> 
     </span>
     <span class='ocr_line' id='line_1_35' title="bbox 117 3597 770 3665; baseline 0 -16"><span class='ocrx_word' id='word_1_294' title='bbox 117 3598 242 3665; x_wconf 88' lang='lat' dir='ltr'>prehensi</span> <span class='ocrx_word' id='word_1_295' title='bbox 260 3608 287 3651; x_wconf 89' lang='lat' dir='ltr'>et</span> <span class='ocrx_word' id='word_1_296' title='bbox 305 3597 433 3661; x_wconf 77' lang='lat' dir='ltr'>convicti,</span> <span class='ocrx_word' id='word_1_297' title='bbox 454 3597 629 3650; x_wconf 76' lang='lat' dir='ltr'>mittebantur</span> <span class='ocrx_word' id='word_1_298' title='bbox 675 3604 770 3657; x_wconf 68' lang='lat' dir='ltr'>silium.</span> 
     </span>
     <span class='ocr_line' id='line_1_36' title="bbox 117 3667 1168 3752; baseline -0.004 -21"><span class='ocrx_word' id='word_1_299' title='bbox 117 3679 146 3731; x_wconf 92' lang='lat' dir='ltr'>in</span> <span class='ocrx_word' id='word_1_300' title='bbox 158 3680 284 3733; x_wconf 80' lang='lat' dir='ltr'>exsilium.</span> <span class='ocrx_word' id='word_1_301' title='bbox 710 3700 748 3752; x_wconf 77' lang='lat'>79.</span> <span class='ocrx_word' id='word_1_302' title='bbox 765 3681 821 3730; x_wconf 81' lang='lat' dir='ltr'>Tua</span> <span class='ocrx_word' id='word_1_303' title='bbox 835 3683 938 3731; x_wconf 62' lang='lat' dir='ltr'>viciare.</span> <span class='ocrx_word' id='word_1_304' title='bbox 947 3679 1000 3732; x_wconf 90' lang='lat' dir='ltr'>Tui</span> <span class='ocrx_word' id='word_1_305' title='bbox 1009 3667 1168 3747; x_wconf 77' lang='lat' dir='ltr'>populivisisi</span> 
     </span>
     <span class='ocr_line' id='line_1_37' title="bbox 152 3756 1168 3826; baseline -0.001 -18"><span class='ocrx_word' id='word_1_306' title='bbox 152 3777 191 3826; x_wconf 87' lang='lat'>7¹·</span> <span class='ocrx_word' id='word_1_307' title='bbox 209 3760 284 3824; x_wconf 78' lang='lat' dir='ltr'>Quod</span> <span class='ocrx_word' id='word_1_308' title='bbox 291 3761 346 3826; x_wconf 64' lang='lat' dir='ltr'>lege</span> <span class='ocrx_word' id='word_1_309' title='bbox 358 3766 433 3810; x_wconf 80' lang='lat' dir='ltr'>vetor.</span> <span class='ocrx_word' id='word_1_310' title='bbox 450 3756 561 3808; x_wconf 80' lang='lat' dir='ltr'>Veterex</span> <span class='ocrx_word' id='word_1_311' title='bbox 569 3774 630 3807; x_wconf 89' lang='lat' dir='ltr'>me·</span> <span class='ocrx_word' id='word_1_312' title='bbox 676 3757 826 3812; x_wconf 86' lang='lat' dir='ltr'>Tomitame</span> <span class='ocrx_word' id='word_1_313' title='bbox 838 3757 904 3809; x_wconf 91' lang='lat' dir='ltr'>urbi.</span> <span class='ocrx_word' id='word_1_314' title='bbox 919 3757 998 3809; x_wconf 79' lang='lat' dir='ltr'>Mun.</span> <span class='ocrx_word' id='word_1_315' title='bbox 1009 3784 1044 3797; x_wconf 89' lang='lat'>-</span> <span class='ocrx_word' id='word_1_316' title='bbox 1056 3757 1109 3807; x_wconf 71' lang='lat' dir='ltr'>raa</span> <span class='ocrx_word' id='word_1_317' title='bbox 1117 3763 1168 3804; x_wconf 68' lang='lat' dir='ltr'>mc</span> 
     </span>
     <span class='ocr_line' id='line_1_38' title="bbox 116 3830 1166 3903; baseline 0.002 -21"><span class='ocrx_word' id='word_1_318' title='bbox 116 3830 233 3887; x_wconf 87' lang='lat' dir='ltr'>lioribus.</span> <span class='ocrx_word' id='word_1_319' title='bbox 248 3836 284 3888; x_wconf 86' lang='lat' dir='ltr'>H.</span> <span class='ocrx_word' id='word_1_320' title='bbox 675 3840 780 3888; x_wconf 76' lang='lat' dir='ltr'>vi&#39;cirria.</span> <span class='ocrx_word' id='word_1_321' title='bbox 789 3836 903 3903; x_wconf 90' lang='lat' dir='ltr'>Propter</span> <span class='ocrx_word' id='word_1_322' title='bbox 910 3830 1166 3886; x_wconf 69' lang='lat' dir='ltr'>vicinitatemhocm</span> 
     </span>
     <span class='ocr_line' id='line_1_39' title="bbox 150 3909 1093 3984; baseline -0.003 -20"><span class='ocrx_word' id='word_1_323' title='bbox 150 3931 189 3981; x_wconf 85' lang='lat'>7²·</span> <span class='ocrx_word' id='word_1_324' title='bbox 201 3915 251 3967; x_wconf 76' lang='lat' dir='ltr'>Est</span> <span class='ocrx_word' id='word_1_325' title='bbox 258 3925 342 3970; x_wconf 77' lang='lat' dir='ltr'>lamen</span> <span class='ocrx_word' id='word_1_326' title='bbox 353 3919 502 3984; x_wconf 56' lang='grc' dir='ltr'>Μακαρίαν</span> <span class='ocrx_word' id='word_1_327' title='bbox 510 3913 630 3981; x_wconf 67' lang='lat' dir='ltr'>rosaja-</span> <span class='ocrx_word' id='word_1_328' title='bbox 677 3913 704 3966; x_wconf 82' lang='lat' dir='ltr'>hi</span> <span class='ocrx_word' id='word_1_329' title='bbox 719 3923 813 3982; x_wconf 68' lang='lat' dir='ltr'>preste</span> <span class='ocrx_word' id='word_1_330' title='bbox 824 3909 992 3966; x_wconf 85' lang='lat' dir='ltr'>beneficium.</span> <span class='ocrx_word' id='word_1_331' title='bbox 1006 3911 1093 3965; x_wconf 65' lang='lat' dir='ltr'>Pons.</span> 
     </span>
    </p>
   </div>
   <div class='ocr_carea' id='block_1_4' title="bbox 531 4081 769 4108">
    <p class='ocr_par' dir='ltr' id='par_1_10' title="bbox 531 4081 769 4108">
     <span class='ocr_line' id='line_1_40' title="bbox 531 4081 769 4108; baseline -0.017 -4"><span class='ocrx_word' id='word_1_332' title='bbox 531 4081 769 4108; x_wconf 47' lang='grc' dir='ltr'>,σθ-</span> 
     </span>
    </p>
   </div>
   <div class='ocr_carea' id='block_1_5' title="bbox 0 0 1327 4816">
    <p class='ocr_par' dir='ltr' id='par_1_11' title="bbox 0 0 1327 4816">
     <span class='ocr_line' id='line_1_41' title="bbox 0 0 1327 4816; baseline 0 0"><span class='ocrx_word' id='word_1_333' title='bbox 0 0 1327 4816; x_wconf 95' lang='lat' dir='ltr'> </span> 
     </span>
    </p>
   </div>
  </div>
 </body>
</html>
