2624 4816
232 394 301 462 EX
325 391 503 459 PONTO
527 393 625 460 LIB.
651 393 728 460 111.
753 393 920 463 EPIST.
947 397 1001 463 11.
1081 396 1145 466 386
1237 464 1240 473 ,

99 533 234 612 lacrifiel
249 562 354 631 genus
369 551 439 620 est,
457 534 504 606 sic
521 533 695 608 instituere
709 533 855 633 priores,

134 650 270 723 Advena
286 649 433 742 virgineo
451 675 552 720 caesus
568 664 607 719 ut
622 674 699 721 ense
716 647 819 722 cadat.

99 773 205 864 iegna
222 764 334 839 Thoas
349 765 490 851 habuit,
506 762 662 837 Maeotide
678 762 785 840 clarus
801 765 835 838 iu
854 795 930 841 ora:

136 890 207 959 Nec
223 883 288 957 suit
304 882 444 956 Euxinis
459 879 572 953 notior
586 877 667 954 alter
678 881 784 980 aquis.
1117 905 1151 956 60

99 1004 228 1101 leeptra
244 1014 375 1070 tenente
391 993 467 1080 illo,
485 993 628 1094 liquidas
643 993 764 1069 secisse.
775 1023 836 1096 per
851 1025 947 1073 auras
967 1033 969 1036 ¹

139 1114 260 1190 Nescio
279 1141 377 1213 quam
395 1111 510 1201 dicunt
525 1107 720 1211 Iphigenian
735 1108 817 1197 iter;

99 1232 204 1328 Quam
219 1226 347 1299 leuibus
365 1224 471 1298 ventis
486 1224 548 1299 sub
564 1223 654 1296 nube
669 1249 728 1324 per
742 1229 876 1324 aequora
891 1243 1016 1300 vectam
1032 1259 1035 1263 ’

141 1342 297 1418 Creditur
310 1341 364 1414 his
380 1338 506 1413 Phoebe
523 1338 712 1439 deposuisse
728 1338 820 1414 locis.
924 1393 928 1399 »
986 1373 988 1376 ⁴

99 1459 272 1534 Praefuerat
285 1455 409 1556 templo
425 1453 552 1529 multos
567 1483 604 1528 ea
618 1455 680 1527 rite
695 1466 754 1557 pe'r
770 1485 890 1546 annos,

141 1577 249 1649 Invita
264 1602 423 1675 peragens
440 1573 545 1646 tristia
561 1600 651 1645 saera
665 1601 784 1661 manu3
823 1588 825 1593 '

99 1696 211 1791 Quum
229 1693 296 1766 duo
313 1690 444 1765 velifera
458 1693 592 1788 juvenes
606 1717 721 1763 venere
738 1691 868 1782 carina,

144 1812 404 1908 Presseruntque
420 1815 483 1879 suo
501 1805 597 1879 litora
612 1823 724 1879 nostra
741 1806 834 1906 pede.

99 1929 161 2001 Par
174 1925 238 1997 luit
254 1923 308 1996 his
323 1939 422 2010 retas,
440 1939 473 1994 et
487 1949 605 1994 arnor:
625 1950 767 2020 quorum
783 1921 866 1996 alter
884 1925 1039 2014 Orestes,
1111 1947 1113 1952 ’

145 2039 241 2116 Alter
257 2056 326 2113 erat
341 2036 480 2139 Pylades
496 2066 503 2109 :
521 2036 654 2109 nomina
669 2036 754 2141 lama
771 2055 869 2112 tenet.
1126 2086 1159 2137 70

99 2159 258 2233 Protinus
273 2154 433 2228 immitem
451 2151 570 2226 Triviae
587 2151 754 2225 ducuntur
770 2154 932 2245 adaram,

145 2271 280 2346 Evincti
297 2268 441 2365 geminas
455 2265 497 2339 ad
513 2295 572 2340 sua
589 2283 678 2361 terga
696 2295 821 2342 manus.

99 2385 235 2490 spargit
249 2407 334 2485 aqua
344 2399 462 2487 captos
477 2379 606 2453 lustrali
626 2380 723 2454 Graia
737 2363 907 2475 sadirdos,

147 2498 285 2576 Ambiat
300 2495 459 2571 ut'fulvas
474 2493 578 2567 iulula
594 2492 694 2589 longa
710 2524 829 2570 comas.

99 2664 246 2736 eligebatur
256 2659 350 2714 Dianae
362 2659 482 2714 sacerdos
492 2661 521 2712 in
532 2660 607 2713 Tau·
687 2660 933 2728 65..Pmsueratetc
947 2660 1088 2733 Proeposita
1098 2664 1159 2719 lue-

99 2747 152 2800 riea
162 2742 280 2813 regione.
640 2748 695 2792 -rat
712 2736 847 2808 Iphigenia
867 2739 972 2808 templo·
986 2741 1022 2795 illi
1039 2742 1158 2798 Taurica

132 2826 173 2890 57.
186 2822 230 2873 Sic
239 2823 365 2872 instituere
371 2825 496 2883 patentes.
508 2818 607 2869 Priores
654 2813 756 2875 Dianoe.
794 2850 800 2862 ,ι

99 2899 181 2955 Polie
193 2895 309 2951 etmulti
326 2895 384 2958 alii;
400 2892 471 2961 quod
487 2891 565 2946 etiam
578 2892 605 2945 in
686 2892 728 2958 66.
746 2893 830 2945 lanta
846 2912 928 2945 uranu.
945 2895 999 2947 Nec
1009 2900 1159 2962 placent...

99 2980 152 3034 suis
164 2976 311 3045 Naugerius
328 2973 443 3038 invenit,
467 2982 493 3025 et
506 2971 607 3025 Pierius
654 2972 731 3030 Fuci,
754 2988 839 3021 cruore
859 2969 1001 3038 diffluentes
1016 2963 1155 3042 hospitum,

100 3054 259 3111 Valerianus
266 3052 298 3106 ad
305 3052 348 3106 lib.
356 3053 369 3105 I
377 3051 440 3103 AEn.
448 3049 557 3118 Virgilii.
570 3050 607 3101 H.
654 3069 686 3101 ex
698 3049 789 3117 Eurip.
798 3049 848 3102 sab.
862 3069 900 3104 ro.

134 3137 176 3189 58.
188 3135 258 3186 Ense
269 3135 385 3198 virgineo.
398 3127 492 3181 Cultro
502 3127 607 3197 virginis
688 3149 726 3198 7²·
745 3131 849 3180 Evincti
859 3134 984 3196 gemr'uas.
1004 3131 1069 3187 Erat
1087 3136 1160 3189 enim

100 3211 253 3269 sacerdotis,
655 3207 834 3272 consuetudo,
854 3218 884 3260 ut
904 3209 953 3263 aris
970 3209 1092 3267 destinati
1109 3215 1160 3268 ho-
1181 3228 1184 3235 ’

135 3296 177 3364 59
187 3285 541 3354 Thoas.AdiEurip.lab.1o,
550 3285 608 3336 curt
655 3284 740 3340 mines
751 3284 901 3354 ligarentur.
1136 3289 1139 3296 “

100 3391 147 3426 sus
157 3371 270 3423 Thoanti
268 3366 337 3433 fecit
342 3369 390 3417 loc
400 3383 487 3416 nomen
493 3366 591 3430 pedum.
689 3361 727 3429 73.
738 3363 837 3428 Sparsit
842 3382 916 3432 aqua.
925 3367 1026 3435 Spargi?
1031 3368 1160 3423 meliores,

133 3447 176 3500 δι.
186 3446 237 3496 Per
243 3446 356 3511 liquidas
361 3459 443 3492 auras.
451 3439 504 3491 Per
511 3457 607 3506 purum
655 3440 784 3507 —dlrarsr't
793 3451 881 3512 captos
890 3446 1048 3499 lustralietc.
1059 3448 1162 3501 Lustra·

102 3541 172 3577 acra.
180 3521 249 3574 Nota
257 3516 404 3582 estsabula,
416 3526 533 3584 ereptam
541 3515 608 3584 Iphi·
655 3517 708 3570 lern
716 3538 811 3587 aquam
819 3519 948 3591 intelligit,
957 3524 1160 3591 qumlustrnndis

99 3601 208 3672 geniam
221 3597 315 3651 Dianae
328 3594 538 3659 sacrificandam
551 3607 578 3649 et
593 3614 608 3647 a
656 3614 686 3648 ac
702 3596 843 3666 purgandis
861 3597 950 3652 hostiis
968 3600 1160 3670 adhibebant„

101 3679 162 3734 Dea
174 3676 286 3730 delatam
299 3694 346 3744 per
358 3693 416 3726 aera
428 3673 456 3725 in
468 3673 608 3726 Tauricam
656 3693 710 3727 non
721 3676 927 3745 molamtneque
936 3679 1008 3732 euim
1016 3681 1160 3751 molaaqua

102 3755 256 3827 regionem,
273 3770 429 3820 cervamque
440 3769 489 3819 pro
504 3769 535 3803 ea
546 3750 609 3804 sub·
656 3753 803 3819 constabat,
819 3753 863 3806 sed
875 3751 975 3805 hordeo
987 3764 1014 3805 et
1022 3755 1074 3808 sale
1086 3775 1093 3810 ε
1103 3777 1161 3828 quae

101 3834 230 3903 positam,
244 3827 481 3894 utServiusgdocet.
656 3840 797 3899 antequam
808 3830 897 3883 hostie
910 3831 1104 3900 jugularentur,
1115 3855 1162 3889 asa
1262 3836 1264 3839 ’

134 3911 176 3964 53·
193 3911 242 3961 Fe!
256 3925 316 3969 0076
332 3916 436 3958 vectam·
450 3908 501 3958 Per
511 3923 609 3973 equora
656 3907 729 3976 pergi
736 3907 785 3961 illis
792 3920 868 3976 atque
880 3907 972 3960 offerri
984 3909 1108 3967 solebant
1121 3915 1161 3970 Μ,

103 3985 192 4056 56ΓίΙ)ιί
209 3985 267 4038 fest
285 4002 397 4046 ⁰¹¹¹¹¹⁹⁸l
415 4001 478 4038 nam
497 3982 529 4037 de
548 4001 607 4038 aere
691 3987 729 4054 74.
753 3987 789 4040 Vt
807 3986 891 4052 insula
908 3975 1104 4054 lougaaeddriet.
1121 3994 1161 4048 Ut
1180 4048 1182 4054 ,

106 4067 159 4136 l²¹¹¹
172 4064 279 4119 distm-
297 4065 397 4117 Herus.
657 4063 740 4116 infula
753 4064 904 4118 circumdet.
916 4066 981 4122 Erat
992 4071 1063 4123 enim
1077 4073 1161 4142 rlrfhla

137 4143 178 4211 ll·
189 4144 290 4196 Pdss'be·
304 4140 396 4193 Diffi·
657 4142 733 4195 fascia
751 4143 778 4194 in
796 4142 906 4198 modum
925 4144 1095 4219 diadematis,
1108 4163 1161 4206 eta

231 4235 269 4308 V
266 4231 324 4300 II.
939 4239 982 4304 25
