<?xml version="1.0" encoding="UTF-8"?>
<!DOCTYPE html PUBLIC "-//W3C//DTD XHTML 1.0 Transitional//EN"
    "http://www.w3.org/TR/xhtml1/DTD/xhtml1-transitional.dtd">
<html xmlns="http://www.w3.org/1999/xhtml" xml:lang="en" lang="en">
 <head>
  <title>
</title>
<meta http-equiv="Content-Type" content="text/html;charset=utf-8" />
  <meta name='ocr-system' content='tesseract 3.04.00' />
  <meta name='ocr-capabilities' content='ocr_page ocr_carea ocr_par ocr_line ocrx_word'/>
</head>
<body>
  <div class='ocr_page' id='page_1' title='image "bibliothecaclas31lemagoog_0435.png"; bbox 0 0 2624 4816; ppageno 0'>
   <div class='ocr_carea' id='block_1_1' title="bbox 113 375 1107 464">
    <p class='ocr_par' dir='ltr' id='par_1_1' title="bbox 113 375 1107 464">
     <span class='ocr_line' id='line_1_1' title="bbox 113 375 1107 464; baseline 0.01 -19"><span class='ocrx_word' id='word_1_1' title='bbox 113 376 181 464; x_wconf 76' lang='lat'><strong>416</strong></span> <span class='ocrx_word' id='word_1_2' title='bbox 204 379 244 446; x_wconf 87' lang='lat' dir='ltr'><strong>P.</strong></span> <span class='ocrx_word' id='word_1_3' title='bbox 261 377 414 448; x_wconf 89' lang='lat' dir='ltr'>OVIDII</span> <span class='ocrx_word' id='word_1_4' title='bbox 429 375 624 447; x_wconf 83' lang='lat' dir='ltr'><strong>NASONIS</strong></span> <span class='ocrx_word' id='word_1_5' title='bbox 634 378 697 447; x_wconf 85' lang='lat' dir='ltr'><strong>EX</strong></span> <span class='ocrx_word' id='word_1_6' title='bbox 712 378 870 448; x_wconf 86' lang='lat' dir='ltr'>PONTO</span> <span class='ocrx_word' id='word_1_7' title='bbox 883 382 1107 455; x_wconf 78' lang='lat' dir='ltr'>111.E1&gt;.1x.</span> 
     </span>
    </p>
   </div>
   <div class='ocr_carea' id='block_1_2' title="bbox 14 518 1175 2365">
    <p class='ocr_par' dir='ltr' id='par_1_2' title="bbox 14 518 1175 2365">
     <span class='ocr_line' id='line_1_2' title="bbox 161 518 1165 620; baseline 0.005 -29"><span class='ocrx_word' id='word_1_8' title='bbox 161 519 341 620; x_wconf 79' lang='lat' dir='ltr'>Verbaque</span> <span class='ocrx_word' id='word_1_9' title='bbox 356 518 509 620; x_wconf 82' lang='lat' dir='ltr'><strong>profectu</strong></span> <span class='ocrx_word' id='word_1_10' title='bbox 523 519 731 593; x_wconf 89' lang='lat' dir='ltr'><strong>dissimulata</strong></span> <span class='ocrx_word' id='word_1_11' title='bbox 748 538 869 593; x_wconf 86' lang='lat' dir='ltr'>carent.</span> <span class='ocrx_word' id='word_1_12' title='bbox 1141 548 1165 615; x_wconf 71' lang='lat'><strong>40</strong></span> 
     </span>
     <span class='ocr_line' id='line_1_3' title="bbox 14 633 1135 734; baseline 0.004 -28"><span class='ocrx_word' id='word_1_13' title='bbox 14 682 19 695; x_wconf 49' lang='grc' dir='ltr'><em>ι</em></span> <span class='ocrx_word' id='word_1_14' title='bbox 113 633 160 707; x_wconf 82' lang='grc' dir='ltr'><strong>Ει</strong></span> <span class='ocrx_word' id='word_1_15' title='bbox 176 651 286 709; x_wconf 91' lang='lat' dir='ltr'><strong>tamen</strong></span> <span class='ocrx_word' id='word_1_16' title='bbox 303 633 372 706; x_wconf 78' lang='lat' dir='ltr'><strong>haec</strong></span> <span class='ocrx_word' id='word_1_17' title='bbox 389 634 502 707; x_wconf 87' lang='lat' dir='ltr'><strong>eadem</strong></span> <span class='ocrx_word' id='word_1_18' title='bbox 520 663 623 734; x_wconf 90' lang='lat' dir='ltr'><strong>quum</strong></span> <span class='ocrx_word' id='word_1_19' title='bbox 639 633 723 721; x_wconf 89' lang='lat' dir='ltr'><strong>sint,</strong></span> <span class='ocrx_word' id='word_1_20' title='bbox 742 662 812 707; x_wconf 91' lang='lat' dir='ltr'><strong>nou</strong></span> <span class='ocrx_word' id='word_1_21' title='bbox 828 633 1009 710; x_wconf 82' lang='lat' dir='ltr'>scribimus</span> <span class='ocrx_word' id='word_1_22' title='bbox 1025 636 1135 713; x_wconf 84' lang='lat' dir='ltr'><strong>isdem:</strong></span> 
     </span>
     <span class='ocr_line' id='line_1_4' title="bbox 163 750 959 854; baseline -0.003 -29"><span class='ocrx_word' id='word_1_23' title='bbox 163 755 304 854; x_wconf 90' lang='lat' dir='ltr'><strong>Unaque</strong></span> <span class='ocrx_word' id='word_1_24' title='bbox 320 780 380 851; x_wconf 91' lang='lat' dir='ltr'><strong>per</strong></span> <span class='ocrx_word' id='word_1_25' title='bbox 397 750 510 853; x_wconf 89' lang='lat' dir='ltr'><strong>plures</strong></span> <span class='ocrx_word' id='word_1_26' title='bbox 525 781 589 825; x_wconf 88' lang='lat' dir='ltr'><strong>vox</strong></span> <span class='ocrx_word' id='word_1_27' title='bbox 603 777 675 824; x_wconf 87' lang='lat' dir='ltr'><strong>mea</strong></span> <span class='ocrx_word' id='word_1_28' title='bbox 690 767 798 823; x_wconf 84' lang='lat' dir='ltr'><strong>tentat</strong></span> <span class='ocrx_word' id='word_1_29' title='bbox 815 777 923 850; x_wconf 91' lang='lat' dir='ltr'><strong>opem.</strong></span> <span class='ocrx_word' id='word_1_30' title='bbox 951 844 959 853; x_wconf 78' lang='lat'>.</span> 
     </span>
     <span class='ocr_line' id='line_1_5' title="bbox 113 863 1039 968; baseline -0.003 -26"><span class='ocrx_word' id='word_1_31' title='bbox 113 869 184 954; x_wconf 82' lang='lat' dir='ltr'><strong>An,</strong></span> <span class='ocrx_word' id='word_1_32' title='bbox 200 897 242 942; x_wconf 92' lang='lat' dir='ltr'><strong>ne</strong></span> <span class='ocrx_word' id='word_1_33' title='bbox 259 867 312 940; x_wconf 91' lang='lat' dir='ltr'><strong>bis</strong></span> <span class='ocrx_word' id='word_1_34' title='bbox 330 896 462 942; x_wconf 86' lang='lat' dir='ltr'><strong>sensum</strong></span> <span class='ocrx_word' id='word_1_35' title='bbox 477 867 583 942; x_wconf 88' lang='lat' dir='ltr'><strong>lector</strong></span> <span class='ocrx_word' id='word_1_36' title='bbox 599 866 760 968; x_wconf 89' lang='lat' dir='ltr'><strong>reperiret</strong></span> <span class='ocrx_word' id='word_1_37' title='bbox 777 865 937 954; x_wconf 86' lang='lat' dir='ltr'><strong>eundem,</strong></span> <span class='ocrx_word' id='word_1_38' title='bbox 996 863 1001 876; x_wconf 84' lang='lat'>&#39;</span> <span class='ocrx_word' id='word_1_39' title='bbox 1038 928 1039 931; x_wconf 63' lang='lat'>,</span> 
     </span>
     <span class='ocr_line' id='line_1_6' title="bbox 165 981 912 1077; baseline -0.004 -20"><span class='ocrx_word' id='word_1_40' title='bbox 165 987 262 1058; x_wconf 92' lang='lat' dir='ltr'><strong>Unus</strong></span> <span class='ocrx_word' id='word_1_41' title='bbox 279 985 477 1072; x_wconf 84' lang='lat' dir='ltr'><strong>amicorum,</strong></span> <span class='ocrx_word' id='word_1_42' title='bbox 494 987 616 1070; x_wconf 78' lang='lat' dir='ltr'><strong>Brute,</strong></span> <span class='ocrx_word' id='word_1_43' title='bbox 632 981 801 1077; x_wconf 84' lang='lat' dir='ltr'><strong>rogandus</strong></span> <span class='ocrx_word' id='word_1_44' title='bbox 818 984 912 1055; x_wconf 83' lang='lat' dir='ltr'><strong>erat?</strong></span> 
     </span>
     <span class='ocr_line' id='line_1_7' title="bbox 114 1094 1168 1192; baseline -0.004 -20"><span class='ocrx_word' id='word_1_45' title='bbox 114 1100 194 1173; x_wconf 87' lang='lat' dir='ltr'><strong>Non</strong></span> <span class='ocrx_word' id='word_1_46' title='bbox 209 1097 274 1170; x_wconf 82' lang='lat' dir='ltr'><strong>fuit</strong></span> <span class='ocrx_word' id='word_1_47' title='bbox 288 1097 352 1170; x_wconf 91' lang='lat' dir='ltr'><strong>hoc</strong></span> <span class='ocrx_word' id='word_1_48' title='bbox 366 1098 470 1186; x_wconf 88' lang='lat' dir='ltr'><strong>tanti;</strong></span> <span class='ocrx_word' id='word_1_49' title='bbox 489 1097 639 1172; x_wconf 80' lang='lat' dir='ltr'><strong>confesso</strong></span> <span class='ocrx_word' id='word_1_50' title='bbox 656 1094 838 1192; x_wconf 80' lang='lat' dir='ltr'><strong>ignoscite,</strong></span> <span class='ocrx_word' id='word_1_51' title='bbox 858 1095 951 1170; x_wconf 85' lang='lat' dir='ltr'><strong>docti</strong></span> <span class='ocrx_word' id='word_1_52' title='bbox 964 1127 974 1170; x_wconf 90' lang='lat'>:</span> <span class='ocrx_word' id='word_1_53' title='bbox 1144 1119 1168 1185; x_wconf 68' lang='lat'><strong>45</strong></span> 
     </span>
     <span class='ocr_line' id='line_1_8' title="bbox 165 1211 794 1313; baseline 0 -29"><span class='ocrx_word' id='word_1_54' title='bbox 165 1211 276 1285; x_wconf 84' lang='lat' dir='ltr'>Vilior</span> <span class='ocrx_word' id='word_1_55' title='bbox 293 1230 343 1285; x_wconf 90' lang='lat' dir='ltr'><strong>est</strong></span> <span class='ocrx_word' id='word_1_56' title='bbox 361 1213 472 1313; x_wconf 91' lang='lat' dir='ltr'><strong>operis</strong></span> <span class='ocrx_word' id='word_1_57' title='bbox 489 1213 574 1287; x_wconf 84' lang='lat' dir='ltr'><strong>lama</strong></span> <span class='ocrx_word' id='word_1_58' title='bbox 592 1211 696 1286; x_wconf 91' lang='lat' dir='ltr'><strong>salute</strong></span> <span class='ocrx_word' id='word_1_59' title='bbox 712 1240 794 1285; x_wconf 86' lang='lat' dir='ltr'><strong>mea.</strong></span> 
     </span>
     <span class='ocr_line' id='line_1_9' title="bbox 116 1327 993 1431; baseline 0.003 -31"><span class='ocrx_word' id='word_1_60' title='bbox 116 1327 270 1427; x_wconf 88' lang='lat' dir='ltr'><strong>Denique</strong></span> <span class='ocrx_word' id='word_1_61' title='bbox 287 1327 448 1418; x_wconf 86' lang='lat' dir='ltr'><strong>materiae,</strong></span> <span class='ocrx_word' id='word_1_62' title='bbox 466 1358 565 1430; x_wconf 90' lang='lat' dir='ltr'><strong>quam</strong></span> <span class='ocrx_word' id='word_1_63' title='bbox 584 1329 658 1431; x_wconf 92' lang='lat' dir='ltr'><strong>quis</strong></span> <span class='ocrx_word' id='word_1_64' title='bbox 674 1329 740 1404; x_wconf 91' lang='lat' dir='ltr'><strong>sibi</strong></span> <span class='ocrx_word' id='word_1_65' title='bbox 758 1329 889 1402; x_wconf 85' lang='lat' dir='ltr'><strong>finxerit</strong></span> <span class='ocrx_word' id='word_1_66' title='bbox 903 1328 993 1430; x_wconf 88' lang='lat' dir='ltr'><strong>ipse,</strong></span> 
     </span>
     <span class='ocr_line' id='line_1_10' title="bbox 165 1445 760 1547; baseline -0.005 -27"><span class='ocrx_word' id='word_1_67' title='bbox 165 1446 318 1520; x_wconf 82' lang='lat' dir='ltr'><strong>Arbitrio</strong></span> <span class='ocrx_word' id='word_1_68' title='bbox 335 1446 439 1527; x_wconf 82' lang='lat' dir='ltr'><strong>variat</strong></span> <span class='ocrx_word' id='word_1_69' title='bbox 453 1445 557 1520; x_wconf 89' lang='lat' dir='ltr'><strong>multa</strong></span> <span class='ocrx_word' id='word_1_70' title='bbox 573 1463 671 1547; x_wconf 90' lang='lat' dir='ltr'><strong>poeta</strong></span> <span class='ocrx_word' id='word_1_71' title='bbox 688 1475 760 1519; x_wconf 86' lang='lat' dir='ltr'><strong>suo.</strong></span> 
     </span>
     <span class='ocr_line' id='line_1_11' title="bbox 118 1559 1083 1663; baseline -0.002 -26"><span class='ocrx_word' id='word_1_72' title='bbox 118 1564 218 1637; x_wconf 86' lang='lat' dir='ltr'>Musa</span> <span class='ocrx_word' id='word_1_73' title='bbox 232 1590 303 1635; x_wconf 90' lang='lat' dir='ltr'><strong>mea</strong></span> <span class='ocrx_word' id='word_1_74' title='bbox 321 1580 372 1635; x_wconf 81' lang='lat' dir='ltr'><strong>est</strong></span> <span class='ocrx_word' id='word_1_75' title='bbox 387 1562 485 1636; x_wconf 81' lang='lat' dir='ltr'><strong>index</strong></span> <span class='ocrx_word' id='word_1_76' title='bbox 502 1563 641 1636; x_wconf 91' lang='lat' dir='ltr'><strong>nimium</strong></span> <span class='ocrx_word' id='word_1_77' title='bbox 658 1591 790 1663; x_wconf 89' lang='lat' dir='ltr'><strong>quoque</strong></span> <span class='ocrx_word' id='word_1_78' title='bbox 806 1589 883 1635; x_wconf 86' lang='lat' dir='ltr'><strong>vera</strong></span> <span class='ocrx_word' id='word_1_79' title='bbox 899 1559 1083 1650; x_wconf 85' lang='lat' dir='ltr'><strong>malorum,</strong></span> 
     </span>
     <span class='ocr_line' id='line_1_12' title="bbox 167 1679 1173 1781; baseline -0.007 -26"><span class='ocrx_word' id='word_1_80' title='bbox 167 1682 278 1781; x_wconf 80' lang='lat' dir='ltr'><strong>Atque</strong></span> <span class='ocrx_word' id='word_1_81' title='bbox 295 1681 497 1781; x_wconf 75' lang='lat' dir='ltr'><strong>incorruptae</strong></span> <span class='ocrx_word' id='word_1_82' title='bbox 515 1681 664 1781; x_wconf 87' lang='lat' dir='ltr'><strong>pondera</strong></span> <span class='ocrx_word' id='word_1_83' title='bbox 681 1680 776 1755; x_wconf 87' lang='lat' dir='ltr'><strong>testis</strong></span> <span class='ocrx_word' id='word_1_84' title='bbox 792 1679 902 1753; x_wconf 84' lang='lat' dir='ltr'><strong>habet.</strong></span> <span class='ocrx_word' id='word_1_85' title='bbox 1148 1698 1173 1749; x_wconf 78' lang='lat'><strong>50</strong></span> 
     </span>
     <span class='ocr_line' id='line_1_13' title="bbox 116 1797 981 1899; baseline -0.007 -23"><span class='ocrx_word' id='word_1_86' title='bbox 116 1804 186 1876; x_wconf 85' lang='lat' dir='ltr'><strong>Nec</strong></span> <span class='ocrx_word' id='word_1_87' title='bbox 202 1797 289 1873; x_wconf 88' lang='lat' dir='ltr'><strong>liber</strong></span> <span class='ocrx_word' id='word_1_88' title='bbox 308 1816 347 1871; x_wconf 92' lang='lat' dir='ltr'><strong>ut</strong></span> <span class='ocrx_word' id='word_1_89' title='bbox 361 1798 474 1886; x_wconf 83' lang='lat' dir='ltr'><strong>fieret,</strong></span> <span class='ocrx_word' id='word_1_90' title='bbox 494 1799 552 1873; x_wconf 89' lang='lat' dir='ltr'><strong>sed</strong></span> <span class='ocrx_word' id='word_1_91' title='bbox 566 1799 616 1873; x_wconf 92' lang='lat' dir='ltr'><strong>nti</strong></span> <span class='ocrx_word' id='word_1_92' title='bbox 632 1828 692 1874; x_wconf 86' lang='lat' dir='ltr'><strong>sua</strong></span> <span class='ocrx_word' id='word_1_93' title='bbox 710 1798 830 1899; x_wconf 87' lang='lat' dir='ltr'><strong>cuique</strong></span> <span class='ocrx_word' id='word_1_94' title='bbox 845 1798 981 1872; x_wconf 89' lang='lat' dir='ltr'><strong>daretur</strong></span> 
     </span>
     <span class='ocr_line' id='line_1_14' title="bbox 165 1912 905 2015; baseline -0.003 -27"><span class='ocrx_word' id='word_1_95' title='bbox 165 1915 299 2000; x_wconf 85' lang='lat' dir='ltr'><strong>Litera,</strong></span> <span class='ocrx_word' id='word_1_96' title='bbox 315 1912 525 2013; x_wconf 81' lang='lat' dir='ltr'><strong>propositum</strong></span> <span class='ocrx_word' id='word_1_97' title='bbox 540 1942 683 2015; x_wconf 91' lang='lat' dir='ltr'><strong>curaque</strong></span> <span class='ocrx_word' id='word_1_98' title='bbox 699 1933 815 1989; x_wconf 90' lang='lat' dir='ltr'><strong>nostra</strong></span> <span class='ocrx_word' id='word_1_99' title='bbox 830 1913 905 1988; x_wconf 84' lang='lat' dir='ltr'><strong>luit.</strong></span> 
     </span>
     <span class='ocr_line' id='line_1_15' title="bbox 117 2027 1065 2132; baseline -0.005 -26"><span class='ocrx_word' id='word_1_100' title='bbox 117 2031 303 2107; x_wconf 84' lang='lat' dir='ltr'><strong>Postmodo</strong></span> <span class='ocrx_word' id='word_1_101' title='bbox 321 2030 493 2118; x_wconf 86' lang='lat' dir='ltr'><strong>collectas,</strong></span> <span class='ocrx_word' id='word_1_102' title='bbox 513 2049 692 2132; x_wconf 86' lang='lat' dir='ltr'><strong>utcumque</strong></span> <span class='ocrx_word' id='word_1_103' title='bbox 707 2031 777 2105; x_wconf 92' lang='lat' dir='ltr'><strong>sine</strong></span> <span class='ocrx_word' id='word_1_104' title='bbox 797 2029 928 2117; x_wconf 81' lang='lat' dir='ltr'><strong>ordine,</strong></span> <span class='ocrx_word' id='word_1_105' title='bbox 945 2027 1065 2127; x_wconf 83' lang='lat' dir='ltr'><strong>junxi,</strong></span> 
     </span>
     <span class='ocr_line' id='line_1_16' title="bbox 167 2146 884 2249; baseline -0.006 -28"><span class='ocrx_word' id='word_1_106' title='bbox 167 2150 242 2221; x_wconf 86' lang='lat' dir='ltr'><strong>Hoc</strong></span> <span class='ocrx_word' id='word_1_107' title='bbox 262 2176 347 2247; x_wconf 91' lang='lat' dir='ltr'><strong>opus</strong></span> <span class='ocrx_word' id='word_1_108' title='bbox 364 2146 509 2221; x_wconf 85' lang='lat' dir='ltr'><strong>electum.</strong></span> <span class='ocrx_word' id='word_1_109' title='bbox 520 2175 562 2221; x_wconf 92' lang='lat' dir='ltr'><strong>ne</strong></span> <span class='ocrx_word' id='word_1_110' title='bbox 578 2148 661 2220; x_wconf 92' lang='lat' dir='ltr'><strong>mihi</strong></span> <span class='ocrx_word' id='word_1_111' title='bbox 673 2148 759 2221; x_wconf 87' lang='lat' dir='ltr'><strong>forte</strong></span> <span class='ocrx_word' id='word_1_112' title='bbox 777 2164 884 2249; x_wconf 87' lang='lat' dir='ltr'><strong>putes.</strong></span> 
     </span>
     <span class='ocr_line' id='line_1_17' title="bbox 120 2263 1175 2365; baseline -0.007 -28"><span class='ocrx_word' id='word_1_113' title='bbox 120 2266 172 2337; x_wconf 87' lang='lat' dir='ltr'><strong>Da</strong></span> <span class='ocrx_word' id='word_1_114' title='bbox 187 2264 313 2337; x_wconf 83' lang='lat' dir='ltr'><strong>veniam</strong></span> <span class='ocrx_word' id='word_1_115' title='bbox 332 2265 484 2365; x_wconf 89' lang='lat' dir='ltr'><strong>scriptis,</strong></span> <span class='ocrx_word' id='word_1_116' title='bbox 503 2294 646 2365; x_wconf 92' lang='lat' dir='ltr'><strong>quorum</strong></span> <span class='ocrx_word' id='word_1_117' title='bbox 660 2293 729 2338; x_wconf 92' lang='lat' dir='ltr'><strong>non</strong></span> <span class='ocrx_word' id='word_1_118' title='bbox 748 2264 852 2361; x_wconf 84' lang='lat' dir='ltr'><strong>gloria</strong></span> <span class='ocrx_word' id='word_1_119' title='bbox 867 2263 968 2337; x_wconf 85' lang='lat' dir='ltr'><strong>nobis</strong></span> <span class='ocrx_word' id='word_1_120' title='bbox 1149 2279 1175 2331; x_wconf 80' lang='lat'><strong>55</strong></span> 
     </span>
    </p>
   </div>
   <div class='ocr_carea' id='block_1_3' title="bbox 168 2382 849 2484">
    <p class='ocr_par' dir='ltr' id='par_1_3' title="bbox 168 2382 849 2484">
     <span class='ocr_line' id='line_1_18' title="bbox 168 2382 849 2484; baseline -0.001 -28"><span class='ocrx_word' id='word_1_121' title='bbox 168 2383 291 2472; x_wconf 80' lang='lat' dir='ltr'>Causa,</span> <span class='ocrx_word' id='word_1_122' title='bbox 311 2382 368 2457; x_wconf 92' lang='lat' dir='ltr'><strong>sed</strong></span> <span class='ocrx_word' id='word_1_123' title='bbox 384 2382 512 2459; x_wconf 88' lang='lat' dir='ltr'><strong>utilitas</strong></span> <span class='ocrx_word' id='word_1_124' title='bbox 527 2383 756 2484; x_wconf 84' lang='lat' dir='ltr'><strong>officiumque,</strong></span> <span class='ocrx_word' id='word_1_125' title='bbox 773 2383 849 2456; x_wconf 83' lang='lat' dir='ltr'><strong>fuit.</strong></span> 
     </span>
    </p>
   </div>
   <div class='ocr_carea' id='block_1_4' title="bbox 119 2550 1180 3868">
    <p class='ocr_par' dir='ltr' id='par_1_4' title="bbox 119 2550 1180 3868">
     <span class='ocr_line' id='line_1_19' title="bbox 119 2550 1178 2626; baseline 0 -19"><span class='ocrx_word' id='word_1_126' title='bbox 119 2555 147 2607; x_wconf 84' lang='lat' dir='ltr'><strong>in</strong></span> <span class='ocrx_word' id='word_1_127' title='bbox 159 2553 200 2607; x_wconf 82' lang='lat' dir='ltr'><strong>his</strong></span> <span class='ocrx_word' id='word_1_128' title='bbox 216 2554 289 2608; x_wconf 85' lang='lat' dir='ltr'><strong>enlm</strong></span> <span class='ocrx_word' id='word_1_129' title='bbox 306 2565 432 2609; x_wconf 85' lang='lat' dir='ltr'><strong>tractatur</strong></span> <span class='ocrx_word' id='word_1_130' title='bbox 445 2575 519 2626; x_wconf 80' lang='lat' dir='ltr'><strong>paene</strong></span> <span class='ocrx_word' id='word_1_131' title='bbox 535 2556 629 2610; x_wconf 84' lang='lat' dir='ltr'><strong>eadem</strong></span> <span class='ocrx_word' id='word_1_132' title='bbox 678 2557 725 2610; x_wconf 86' lang='lat' dir='ltr'><strong>re?</strong></span> <span class='ocrx_word' id='word_1_133' title='bbox 739 2555 817 2625; x_wconf 85' lang='lat' dir='ltr'><strong>idque</strong></span> <span class='ocrx_word' id='word_1_134' title='bbox 825 2555 934 2609; x_wconf 83' lang='lat' dir='ltr'><strong>haneob</strong></span> <span class='ocrx_word' id='word_1_135' title='bbox 945 2573 1070 2621; x_wconf 81' lang='lat' dir='ltr'><strong>eausam,</strong></span> <span class='ocrx_word' id='word_1_136' title='bbox 1082 2550 1178 2616; x_wconf 76' lang='lat' dir='ltr'><strong>nemihi</strong></span> 
     </span>
     <span class='ocr_line' id='line_1_20' title="bbox 121 2632 1178 2704; baseline 0.001 -20"><span class='ocrx_word' id='word_1_137' title='bbox 121 2632 231 2684; x_wconf 84' lang='lat' dir='ltr'><strong>materia</strong></span> <span class='ocrx_word' id='word_1_138' title='bbox 244 2633 323 2685; x_wconf 83' lang='lat' dir='ltr'><strong>tristis</strong></span> <span class='ocrx_word' id='word_1_139' title='bbox 336 2643 362 2686; x_wconf 92' lang='lat' dir='ltr'><strong>et</strong></span> <span class='ocrx_word' id='word_1_140' title='bbox 370 2643 471 2687; x_wconf 87' lang='lat' dir='ltr'><strong>moesta.</strong></span> <span class='ocrx_word' id='word_1_141' title='bbox 679 2635 851 2704; x_wconf 83' lang='lat' dir='ltr'><strong>objiceretur,</strong></span> <span class='ocrx_word' id='word_1_142' title='bbox 866 2632 936 2702; x_wconf 79' lang='lat' dir='ltr'><strong>quod</strong></span> <span class='ocrx_word' id='word_1_143' title='bbox 948 2632 1022 2686; x_wconf 85' lang='lat' dir='ltr'><strong>idem</strong></span> <span class='ocrx_word' id='word_1_144' title='bbox 1035 2651 1124 2686; x_wconf 79' lang='lat' dir='ltr'><strong>sensus</strong></span> <span class='ocrx_word' id='word_1_145' title='bbox 1137 2650 1178 2684; x_wconf 86' lang='lat' dir='ltr'><strong>re-</strong></span> 
     </span>
     <span class='ocr_line' id='line_1_21' title="bbox 147 2711 1179 2782; baseline 0 -19"><span class='ocrx_word' id='word_1_146' title='bbox 147 2714 187 2776; x_wconf 72' lang='lat'><strong>40.</strong></span> <span class='ocrx_word' id='word_1_147' title='bbox 200 2714 283 2764; x_wconf 83' lang='lat' dir='ltr'><strong>Verba</strong></span> <span class='ocrx_word' id='word_1_148' title='bbox 288 2715 457 2765; x_wconf 74' lang='lat' dir='ltr'><strong>dissimulata.</strong></span> <span class='ocrx_word' id='word_1_149' title='bbox 464 2711 628 2780; x_wconf 68' lang='lat' dir='ltr'><strong>Verborum,</strong></span> <span class='ocrx_word' id='word_1_150' title='bbox 679 2714 779 2782; x_wconf 88' lang='lat' dir='ltr'><strong>peritur</strong></span> <span class='ocrx_word' id='word_1_151' title='bbox 791 2714 819 2765; x_wconf 91' lang='lat' dir='ltr'><strong>in</strong></span> <span class='ocrx_word' id='word_1_152' title='bbox 831 2711 897 2765; x_wconf 85' lang='lat' dir='ltr'><strong>meis</strong></span> <span class='ocrx_word' id='word_1_153' title='bbox 909 2711 1079 2765; x_wconf 79' lang='lat' dir='ltr'><strong>carminibus.</strong></span> <span class='ocrx_word' id='word_1_154' title='bbox 1086 2711 1179 2765; x_wconf 78' lang='lat' dir='ltr'><strong>Mrem</strong></span> 
     </span>
     <span class='ocr_line' id='line_1_22' title="bbox 120 2785 1179 2859; baseline -0.003 -17"><span class='ocrx_word' id='word_1_155' title='bbox 120 2807 178 2856; x_wconf 80' lang='lat' dir='ltr'><strong>quae</strong></span> <span class='ocrx_word' id='word_1_156' title='bbox 198 2791 276 2842; x_wconf 88' lang='lat' dir='ltr'><strong>amici</strong></span> <span class='ocrx_word' id='word_1_157' title='bbox 296 2790 476 2846; x_wconf 86' lang='lat' dir='ltr'><strong>dissimulant:</strong></span> <span class='ocrx_word' id='word_1_158' title='bbox 494 2802 522 2846; x_wconf 83' lang='lat' dir='ltr'><strong>et</strong></span> <span class='ocrx_word' id='word_1_159' title='bbox 536 2802 631 2845; x_wconf 84' lang='lat' dir='ltr'><strong>osten·</strong></span> <span class='ocrx_word' id='word_1_160' title='bbox 707 2785 1179 2859; x_wconf 68' lang='lat' dir='ltr'><strong>lpDeru&#39;quemateria.Materianple</strong></span> 
     </span>
     <span class='ocr_line' id='line_1_23' title="bbox 122 2865 1179 2936; baseline 0 -18"><span class='ocrx_word' id='word_1_161' title='bbox 122 2865 190 2920; x_wconf 87' lang='lat' dir='ltr'><strong>dunt</strong></span> <span class='ocrx_word' id='word_1_162' title='bbox 197 2877 241 2919; x_wconf 86' lang='lat' dir='ltr'><strong>aut</strong></span> <span class='ocrx_word' id='word_1_163' title='bbox 252 2885 306 2918; x_wconf 89' lang='lat' dir='ltr'><strong>non</strong></span> <span class='ocrx_word' id='word_1_164' title='bbox 316 2869 442 2935; x_wconf 83' lang='lat' dir='ltr'><strong>accepisse</strong></span> <span class='ocrx_word' id='word_1_165' title='bbox 448 2870 538 2919; x_wconf 83' lang='lat' dir='ltr'><strong>literas</strong></span> <span class='ocrx_word' id='word_1_166' title='bbox 548 2888 629 2934; x_wconf 82' lang='lat' dir='ltr'><strong>meas,</strong></span> <span class='ocrx_word' id='word_1_167' title='bbox 679 2868 755 2933; x_wconf 85' lang='lat' dir='ltr'><strong>rique</strong></span> <span class='ocrx_word' id='word_1_168' title='bbox 772 2878 881 2918; x_wconf 85' lang='lat' dir='ltr'><strong>veteres.</strong></span> <span class='ocrx_word' id='word_1_169' title='bbox 898 2868 981 2918; x_wconf 82' lang='lat' dir='ltr'><strong>Forte</strong></span> <span class='ocrx_word' id='word_1_170' title='bbox 998 2870 1110 2918; x_wconf 78' lang='lat' dir='ltr'><strong>materie</strong></span> <span class='ocrx_word' id='word_1_171' title='bbox 1119 2879 1179 2936; x_wconf 61' lang='lat' dir='ltr'><strong>sm</strong></span> 
     </span>
     <span class='ocr_line' id='line_1_24' title="bbox 123 2939 1101 3012; baseline 0 -17"><span class='ocrx_word' id='word_1_172' title='bbox 123 2951 169 2995; x_wconf 80' lang='lat' dir='ltr'><strong>aut</strong></span> <span class='ocrx_word' id='word_1_173' title='bbox 184 2943 262 2995; x_wconf 81' lang='lat' dir='ltr'><strong>verbe</strong></span> <span class='ocrx_word' id='word_1_174' title='bbox 274 2961 333 2996; x_wconf 90' lang='lat' dir='ltr'><strong>mea</strong></span> <span class='ocrx_word' id='word_1_175' title='bbox 345 2962 401 2996; x_wconf 92' lang='lat' dir='ltr'><strong>non</strong></span> <span class='ocrx_word' id='word_1_176' title='bbox 419 2942 583 2996; x_wconf 80' lang='lat' dir='ltr'><strong>intellexisse.</strong></span> <span class='ocrx_word' id='word_1_177' title='bbox 598 2970 631 2981; x_wconf 91' lang='lat'>-</span> <span class='ocrx_word' id='word_1_178' title='bbox 679 2947 817 3012; x_wconf 74' lang='lat' dir='ltr'><strong>etfiuxerr&#39;t</strong></span> <span class='ocrx_word' id='word_1_179' title='bbox 827 2939 1009 3011; x_wconf 80' lang='lat' dir='ltr'><strong>ipsiVossian.</strong></span> <span class='ocrx_word' id='word_1_180' title='bbox 1023 2942 1062 2996; x_wconf 86' lang='lat' dir='ltr'><strong>H.</strong></span> <span class='ocrx_word' id='word_1_181' title='bbox 1097 3004 1101 3012; x_wconf 30' lang='grc' dir='ltr'>Ι</span> 
     </span>
     <span class='ocr_line' id='line_1_25' title="bbox 124 3018 1178 3096; baseline 0.002 -25"><span class='ocrx_word' id='word_1_182' title='bbox 124 3018 629 3089; x_wconf 78' lang='lat' dir='ltr'><strong>Carenlprofectu.Quianihilmihipro·</strong></span> <span class='ocrx_word' id='word_1_183' title='bbox 712 3025 752 3096; x_wconf 69' lang='lat'><strong>49.</strong></span> <span class='ocrx_word' id='word_1_184' title='bbox 769 3023 931 3074; x_wconf 78' lang='lat' dir='ltr'><strong>Estm‘nu&#39;um</strong></span> <span class='ocrx_word' id='word_1_185' title='bbox 943 3040 1006 3074; x_wconf 82' lang='lat' dir='ltr'><strong>vera</strong></span> <span class='ocrx_word' id='word_1_186' title='bbox 1017 3023 1178 3075; x_wconf 63' lang='lat' dir='ltr'><strong>indetame-</strong></span> 
     </span>
     <span class='ocr_line' id='line_1_26' title="bbox 121 3093 1180 3158; baseline -0.002 -5"><span class='ocrx_word' id='word_1_187' title='bbox 121 3093 217 3149; x_wconf 80' lang='lat' dir='ltr'><strong>ficllur·</strong></span> <span class='ocrx_word' id='word_1_188' title='bbox 678 3121 738 3154; x_wconf 81' lang='lat' dir='ltr'><strong>rum.</strong></span> <span class='ocrx_word' id='word_1_189' title='bbox 747 3100 832 3152; x_wconf 86' lang='lat' dir='ltr'><strong>Nimis</strong></span> <span class='ocrx_word' id='word_1_190' title='bbox 840 3118 902 3153; x_wconf 85' lang='lat' dir='ltr'><strong>vere</strong></span> <span class='ocrx_word' id='word_1_191' title='bbox 912 3096 1180 3158; x_wconf 77' lang='lat' dir='ltr'><strong>malameaintlieatet&#39;</strong></span> 
     </span>
     <span class='ocr_line' id='line_1_27' title="bbox 155 3172 795 3246; baseline 0.009 -23"><span class='ocrx_word' id='word_1_192' title='bbox 155 3173 195 3240; x_wconf 68' lang='lat'><strong>4²·</strong></span> <span class='ocrx_word' id='word_1_193' title='bbox 210 3172 512 3241; x_wconf 73' lang='lat' dir='ltr'><strong>Unaqueperpluresvox</strong></span> <span class='ocrx_word' id='word_1_194' title='bbox 520 3183 632 3228; x_wconf 81' lang='lat' dir='ltr'><strong>meaten-</strong></span> <span class='ocrx_word' id='word_1_195' title='bbox 679 3177 795 3246; x_wconf 85' lang='lat' dir='ltr'><strong>exponit.</strong></span> 
     </span>
     <span class='ocr_line' id='line_1_28' title="bbox 121 3248 1178 3322; baseline 0.008 -19"><span class='ocrx_word' id='word_1_196' title='bbox 121 3255 161 3303; x_wconf 76' lang='lat' dir='ltr'><strong>tat</strong></span> <span class='ocrx_word' id='word_1_197' title='bbox 177 3267 255 3316; x_wconf 79' lang='lat' dir='ltr'><strong>opem.</strong></span> <span class='ocrx_word' id='word_1_198' title='bbox 276 3248 371 3301; x_wconf 86' lang='lat' dir='ltr'><strong>Malim</strong></span> <span class='ocrx_word' id='word_1_199' title='bbox 388 3253 471 3304; x_wconf 82' lang='lat' dir='ltr'><strong>Unam</strong></span> <span class='ocrx_word' id='word_1_200' title='bbox 484 3256 632 3321; x_wconf 79' lang='lat' dir='ltr'><strong>perplures</strong></span> <span class='ocrx_word' id='word_1_201' title='bbox 660 3259 662 3263; x_wconf 77' lang='grc'>’</span> <span class='ocrx_word' id='word_1_202' title='bbox 712 3256 753 3306; x_wconf 84' lang='lat'><strong>50.</strong></span> <span class='ocrx_word' id='word_1_203' title='bbox 773 3255 917 3321; x_wconf 79' lang='lat' dir='ltr'><strong>Incorrupti</strong></span> <span class='ocrx_word' id='word_1_204' title='bbox 934 3258 1016 3308; x_wconf 76' lang='lat' dir='ltr'><strong>testis.</strong></span> <span class='ocrx_word' id='word_1_205' title='bbox 1036 3257 1178 3322; x_wconf 66' lang='lat' dir='ltr'><strong>Jacomte</strong></span> 
     </span>
     <span class='ocr_line' id='line_1_29' title="bbox 122 3326 1110 3399; baseline 0.005 -18"><span class='ocrx_word' id='word_1_206' title='bbox 122 3346 200 3399; x_wconf 75' lang='lat' dir='ltr'><strong>opem.</strong></span> <span class='ocrx_word' id='word_1_207' title='bbox 212 3326 248 3381; x_wconf 87' lang='lat' dir='ltr'><strong>H.</strong></span> <span class='ocrx_word' id='word_1_208' title='bbox 261 3326 305 3381; x_wconf 84' lang='lat' dir='ltr'><strong>Nil</strong></span> <span class='ocrx_word' id='word_1_209' title='bbox 317 3338 422 3382; x_wconf 85' lang='lat' dir='ltr'><strong>mutant</strong></span> <span class='ocrx_word' id='word_1_210' title='bbox 434 3331 525 3383; x_wconf 73' lang='lat' dir='ltr'><strong>nostri</strong></span> <span class='ocrx_word' id='word_1_211' title='bbox 678 3351 740 3387; x_wconf 82' lang='lat' dir='ltr'><strong>cum</strong></span> <span class='ocrx_word' id='word_1_212' title='bbox 752 3331 861 3386; x_wconf 86' lang='lat' dir='ltr'><strong>duobus.</strong></span> <span class='ocrx_word' id='word_1_213' title='bbox 875 3333 912 3386; x_wconf 87' lang='lat' dir='ltr'><strong>H.</strong></span> <span class='ocrx_word' id='word_1_214' title='bbox 926 3332 967 3386; x_wconf 84' lang='lat' dir='ltr'><strong>Ita</strong></span> <span class='ocrx_word' id='word_1_215' title='bbox 979 3344 1007 3386; x_wconf 88' lang='lat' dir='ltr'><strong>et</strong></span> <span class='ocrx_word' id='word_1_216' title='bbox 1016 3333 1110 3388; x_wconf 83' lang='lat' dir='ltr'><strong>nostri.</strong></span> 
     </span>
     <span class='ocr_line' id='line_1_30' title="bbox 156 3405 1179 3482; baseline 0.005 -21"><span class='ocrx_word' id='word_1_217' title='bbox 156 3405 631 3473; x_wconf 61' lang='lat' dir='ltr'><strong>63.Annebisutseusum.Annebis</strong></span> <span class='ocrx_word' id='word_1_218' title='bbox 719 3410 759 3463; x_wconf 81' lang='lat'><strong>53.</strong></span> <span class='ocrx_word' id='word_1_219' title='bbox 779 3410 916 3478; x_wconf 72' lang='lat' dir='ltr'><strong>lucraque.</strong></span> <span class='ocrx_word' id='word_1_220' title='bbox 942 3410 980 3462; x_wconf 75' lang='lat' dir='ltr'><strong>Ut</strong></span> <span class='ocrx_word' id='word_1_221' title='bbox 997 3430 1100 3482; x_wconf 75' lang='lat' dir='ltr'><strong>quoqne</strong></span> <span class='ocrx_word' id='word_1_222' title='bbox 1121 3425 1179 3465; x_wconf 69' lang='lat' dir='ltr'><strong>unns</strong></span> 
     </span>
     <span class='ocr_line' id='line_1_31' title="bbox 123 3485 948 3556; baseline 0 -15"><span class='ocrx_word' id='word_1_223' title='bbox 123 3502 224 3541; x_wconf 77' lang='lat' dir='ltr'><strong>sensum</strong></span> <span class='ocrx_word' id='word_1_224' title='bbox 239 3493 341 3540; x_wconf 75' lang='lat' dir='ltr'><strong>veteres</strong></span> <span class='ocrx_word' id='word_1_225' title='bbox 352 3485 448 3553; x_wconf 79' lang='lat' dir='ltr'><strong>majori</strong></span> <span class='ocrx_word' id='word_1_226' title='bbox 459 3505 490 3538; x_wconf 82' lang='lat' dir='ltr'><strong>ex</strong></span> <span class='ocrx_word' id='word_1_227' title='bbox 505 3499 591 3556; x_wconf 85' lang='lat' dir='ltr'><strong>parte;</strong></span> <span class='ocrx_word' id='word_1_228' title='bbox 604 3500 631 3543; x_wconf 85' lang='lat' dir='ltr'><strong>et</strong></span> <span class='ocrx_word' id='word_1_229' title='bbox 680 3488 801 3555; x_wconf 79' lang='lat' dir='ltr'><strong>Heinsii,</strong></span> <span class='ocrx_word' id='word_1_230' title='bbox 815 3488 861 3542; x_wconf 81' lang='lat' dir='ltr'><strong>sed</strong></span> <span class='ocrx_word' id='word_1_231' title='bbox 871 3487 948 3542; x_wconf 88' lang='lat' dir='ltr'><strong>male.</strong></span> 
     </span>
     <span class='ocr_line' id='line_1_32' title="bbox 125 3560 1177 3638; baseline 0.001 -17"><span class='ocrx_word' id='word_1_232' title='bbox 125 3573 203 3621; x_wconf 72' lang='lat' dir='ltr'><strong>route.</strong></span> <span class='ocrx_word' id='word_1_233' title='bbox 213 3560 442 3628; x_wconf 79' lang='lat' dir='ltr'><strong>ll.-Senaueest,</strong></span> <span class='ocrx_word' id='word_1_234' title='bbox 452 3581 468 3614; x_wconf 92' lang='lat' dir='ltr'><strong>o</strong></span> <span class='ocrx_word' id='word_1_235' title='bbox 476 3563 569 3632; x_wconf 83' lang='lat' dir='ltr'><strong>Brute,</strong></span> <span class='ocrx_word' id='word_1_236' title='bbox 578 3566 631 3619; x_wconf 87' lang='lat' dir='ltr'><strong>de-</strong></span> <span class='ocrx_word' id='word_1_237' title='bbox 713 3566 753 3620; x_wconf 71' lang='lat'><strong>56.</strong></span> <span class='ocrx_word' id='word_1_238' title='bbox 771 3567 823 3619; x_wconf 80' lang='lat' dir='ltr'><strong>Sed</strong></span> <span class='ocrx_word' id='word_1_239' title='bbox 827 3569 933 3620; x_wconf 80' lang='lat' dir='ltr'><strong>utr&#39;litas.</strong></span> <span class='ocrx_word' id='word_1_240' title='bbox 945 3565 1020 3634; x_wconf 86' lang='lat' dir='ltr'><strong>Quia</strong></span> <span class='ocrx_word' id='word_1_241' title='bbox 1028 3567 1119 3638; x_wconf 73' lang='lat' dir='ltr'><strong>scripsi</strong></span> <span class='ocrx_word' id='word_1_242' title='bbox 1128 3583 1177 3621; x_wconf 79' lang='lat' dir='ltr'><strong>eam</strong></span> 
     </span>
     <span class='ocr_line' id='line_1_33' title="bbox 124 3638 1177 3713; baseline -0.001 -14"><span class='ocrx_word' id='word_1_243' title='bbox 124 3638 204 3699; x_wconf 80' lang='lat' dir='ltr'><strong>lrulne</strong></span> <span class='ocrx_word' id='word_1_244' title='bbox 218 3649 322 3695; x_wconf 81' lang='lat' dir='ltr'><strong>tontum</strong></span> <span class='ocrx_word' id='word_1_245' title='bbox 334 3657 419 3693; x_wconf 89' lang='lat' dir='ltr'><strong>unum</strong></span> <span class='ocrx_word' id='word_1_246' title='bbox 432 3639 631 3713; x_wconf 83' lang='lat' dir='ltr'><strong>amicumroga·</strong></span> <span class='ocrx_word' id='word_1_247' title='bbox 680 3641 712 3694; x_wconf 84' lang='lat' dir='ltr'><strong>ob</strong></span> <span class='ocrx_word' id='word_1_248' title='bbox 725 3660 843 3709; x_wconf 85' lang='lat' dir='ltr'>causam,</span> <span class='ocrx_word' id='word_1_249' title='bbox 862 3652 893 3695; x_wconf 91' lang='lat' dir='ltr'><strong>ut</strong></span> <span class='ocrx_word' id='word_1_250' title='bbox 914 3643 1054 3713; x_wconf 82' lang='lat' dir='ltr'><strong>scribendo</strong></span> <span class='ocrx_word' id='word_1_251' title='bbox 1075 3644 1177 3698; x_wconf 63' lang='lat' dir='ltr'><strong>sedtum</strong></span> 
     </span>
     <span class='ocr_line' id='line_1_34' title="bbox 124 3714 1175 3793; baseline -0.002 -19"><span class='ocrx_word' id='word_1_252' title='bbox 124 3734 152 3775; x_wconf 78' lang='lat' dir='ltr'><strong>tt</strong></span> <span class='ocrx_word' id='word_1_253' title='bbox 163 3756 170 3787; x_wconf 84' lang='grc'>,</span> <span class='ocrx_word' id='word_1_254' title='bbox 183 3716 284 3773; x_wconf 79' lang='lat' dir='ltr'><strong>etmihi</strong></span> <span class='ocrx_word' id='word_1_255' title='bbox 292 3714 480 3793; x_wconf 76' lang='lat' dir='ltr'><strong>opitularetur,</strong></span> <span class='ocrx_word' id='word_1_256' title='bbox 490 3734 539 3770; x_wconf 87' lang='lat' dir='ltr'><strong>nec</strong></span> <span class='ocrx_word' id='word_1_257' title='bbox 547 3716 579 3768; x_wconf 88' lang='lat' dir='ltr'><strong>ad</strong></span> <span class='ocrx_word' id='word_1_258' title='bbox 585 3737 632 3772; x_wconf 77' lang='lat' dir='ltr'><strong>ere·</strong></span> <span class='ocrx_word' id='word_1_259' title='bbox 678 3736 857 3788; x_wconf 83' lang='lat' dir='ltr'><strong>procurarem.</strong></span> <span class='ocrx_word' id='word_1_260' title='bbox 871 3747 904 3761; x_wconf 89' lang='grc'>-</span> <span class='ocrx_word' id='word_1_261' title='bbox 919 3720 1048 3790; x_wconf 74' lang='lat' dir='ltr'><strong>Officium</strong></span> <span class='ocrx_word' id='word_1_262' title='bbox 1066 3722 1102 3776; x_wconf 87' lang='lat' dir='ltr'><strong>Et</strong></span> <span class='ocrx_word' id='word_1_263' title='bbox 1112 3718 1175 3775; x_wconf 76' lang='lat' dir='ltr'><strong>utin</strong></span> 
     </span>
     <span class='ocr_line' id='line_1_35' title="bbox 125 3793 1097 3868; baseline -0.002 -13"><span class='ocrx_word' id='word_1_264' title='bbox 125 3804 243 3856; x_wconf 69' lang='lat' dir='ltr'><strong>loretum</strong></span> <span class='ocrx_word' id='word_1_265' title='bbox 256 3796 336 3853; x_wconf 72' lang='lat' dir='ltr'><strong>etiem</strong></span> <span class='ocrx_word' id='word_1_266' title='bbox 348 3793 498 3867; x_wconf 65' lang='lat' dir='ltr'><strong>prasidium</strong></span> <span class='ocrx_word' id='word_1_267' title='bbox 509 3794 631 3865; x_wconf 76' lang='lat' dir='ltr'><strong>confuge·</strong></span> <span class='ocrx_word' id='word_1_268' title='bbox 678 3817 708 3850; x_wconf 89' lang='lat' dir='ltr'><strong>re</strong></span> <span class='ocrx_word' id='word_1_269' title='bbox 720 3815 781 3852; x_wconf 85' lang='lat' dir='ltr'><strong>mea</strong></span> <span class='ocrx_word' id='word_1_270' title='bbox 792 3797 908 3855; x_wconf 80' lang='lat' dir='ltr'><strong>lacerem</strong></span> <span class='ocrx_word' id='word_1_271' title='bbox 921 3799 998 3868; x_wconf 49' lang='lat' dir='ltr'><strong>quod*</strong></span> <span class='ocrx_word' id='word_1_272' title='bbox 1004 3799 1097 3857; x_wconf 79' lang='lat' dir='ltr'><strong>debeo.</strong></span> 
     </span>
    </p>
   </div>
   <div class='ocr_carea' id='block_1_5' title="bbox 539 3995 776 4023">
    <p class='ocr_par' dir='ltr' id='par_1_5' title="bbox 539 3995 776 4023">
     <span class='ocr_line' id='line_1_36' title="bbox 539 3995 776 4023; baseline 0.008 -7"><span class='ocrx_word' id='word_1_273' title='bbox 539 3995 776 4023; x_wconf 51' lang='lat' dir='ltr'><strong>*a</strong></span> 
     </span>
    </p>
   </div>
   <div class='ocr_carea' id='block_1_6' title="bbox 0 0 1327 4816">
    <p class='ocr_par' dir='ltr' id='par_1_6' title="bbox 0 0 1327 4816">
     <span class='ocr_line' id='line_1_37' title="bbox 0 0 1327 4816; baseline 0 0"><span class='ocrx_word' id='word_1_274' title='bbox 0 0 1327 4816; x_wconf 95' lang='lat' dir='ltr'><strong> </strong></span> 
     </span>
    </p>
   </div>
  </div>
 </body>
</html>
