2624 4816
134 410 200 475 260
416 412 456 476 P.
489 411 672 481 OVIDII
698 414 931 490 NASONIS

178 550 344 637 Audebo,
362 569 396 624 et
410 550 557 652 propriis
573 553 774 649 ingemuisse
790 558 896 635 malis.

130 667 276 754 Viderit3
295 665 426 739 audebo
446 668 510 741 tibi
526 697 578 742 me
596 671 768 771 scripsisse
783 672 898 765 fateri,

178 787 292 885 Atque
307 784 443 857 modum
461 786 568 885 culpae
585 785 755 861 notificare
771 818 859 864 meae.

129 901 215 1001 Qui,
235 928 339 1000 quum
354 927 406 975 me
423 927 520 1000 poena
536 900 673 996 dignum
688 905 837 999 graviore
851 907 953 984 luisse

135 1030 138 1037 '
178 1015 360 1103 Confitear,
377 1043 517 1115 possum
533 1017 587 1089 vix
606 1020 757 1113 graviora
774 1022 854 1122 pati.

127 1132 293 1206 Hostibus
309 1132 344 1203 in
360 1131 494 1219 mediis,
511 1131 663 1234 interque
679 1136 826 1236 pericula
841 1165 972 1229 versor3

175 1248 350 1347 Tanquam
369 1275 445 1321 cum
460 1248 567 1348 patria
581 1277 647 1350 pax
664 1250 708 1323 sit
725 1250 853 1326 ademta
868 1253 974 1327 mihi:
1011 1308 1013 1313 ·

126 1364 213 1466 Qui,
232 1367 348 1439 mortis
367 1394 452 1439 savo
466 1365 633 1460 geminent
649 1385 688 1440 ut
704 1366 839 1443 vulnere
857 1397 986 1460 causas,

175 1480 299 1554 Omnia
312 1479 445 1579 vipereo
465 1477 593 1581 spicula
606 1478 682 1553 selle
698 1479 830 1557 linunt:

123 1601 187 1674 His
203 1628 304 1701 eques
322 1598 507 1671 instructus
524 1596 700 1698 perterrita
714 1598 835 1674 moenia
851 1597 992 1688 lustrat,

170 1718 268 1790 More
284 1713 357 1816 lupi
374 1714 500 1790 clausas
519 1713 719 1788 circueuntis
738 1743 824 1789 oves.

120 1834 168 1907 At
185 1831 285 1907 semel
300 1833 447 1907 intentus
463 1860 564 1905 nervo
580 1829 662 1904 levis
677 1859 771 1905 arcus
788 1831 930 1933 equino,

169 1946 310 2019 Vincula
327 1974 457 2045 semper
472 1945 601 2018 babens
618 1944 812 2032 irresoluta,
830 1963 950 2019 manet.

120 2063 222 2136 Tecta
239 2061 347 2155 rigent
363 2058 437 2134 lixis
454 2057 556 2133 veluti
575 2057 693 2132 vallata
709 2059 854 2156 sagittis,

168 2180 336 2279 Portaquc
353 2178 408 2250 vix
425 2176 519 2250 firma
536 2178 711 2251 submovet
725 2207 814 2251 arma
828 2205 912 2252 sera.

117 2297 215 2372 Adde
229 2295 296 2370 loci
314 2295 447 2380 sociem,
466 2323 526 2367 nec
540 2293 676 2384 fronde,
692 2323 753 2368 nec
770 2294 890 2368 arbore
903 2293 990 2386 toti,

166 2416 213 2487 Et
231 2412 321 2514 quod
337 2411 424 2485 iners
442 2410 550 2512 hyemi
567 2409 778 2483 continuatur
793 2409 921 2510 hyems.

117 2530 183 2604 Hic
200 2557 252 2602 me
269 2544 472 2629 pugnantem
490 2553 564 2598 cum
580 2524 722 2620 frigore,
741 2554 880 2626 cumque
895 2526 1041 2621 sagittis,

167 2647 319 2745 Cumque
336 2671 408 2717 meo
424 2643 510 2728 fato,
530 2658 645 2740 quarta
657 2640 772 2736 fatigat
787 2642 910 2741 hyems.

114 2764 196 2836 Fine
214 2781 326 2837 carent
338 2761 505 2862 lacrymae,
524 2759 590 2832 nisi
609 2788 711 2859 quum
730 2775 850 2859 stupor
865 2757 1000 2833 obstitit
1013 2759 1095 2849 illis,
1200 2734 1202 2849 l

115 2946 175 2980 mus
188 2927 296 2996 quisque
309 2947 339 2979 ex
352 2927 399 2980 aevi
412 2925 483 2979 aurei
495 2924 625 2995 scriptori·
672 2919 767 2974 mulari
776 2920 849 2973 nullo
860 2920 942 2973 rnodo
954 2924 1042 2992 possit.
1053 2922 1142 2977 Mun.
1200 2948 1202 2977 :

115 3002 173 3054 bus.
185 3002 253 3055 Loca
271 3003 345 3071 plura
362 3002 481 3072 adscripsi
495 3041 502 3067 ,
521 3012 551 3054 ut
567 3020 624 3054 suas
708 3000 747 3050 15.
758 3001 882 3051 Hostibus
893 3003 920 3051 r'n
931 3002 1029 3055 medus.
1043 3002 1076 3059 ln
1086 2995 1157 3055 metit

115 3079 215 3133 Nasoni
227 3079 368 3149 elegantias
382 3080 539 3134 adsererem.
554 3080 590 3131 H.
672 3074 761 3141 Getis,
776 3075 821 3144 qui
832 3077 927 3129 urbem
941 3077 1158 3134 infestant-Ver

150 3180 188 3210 ιι.
212 3163 309 3213 meru
328 3163 381 3212 boec
397 3165 503 3228 aliquus,
522 3164 572 3211 titi
585 3180 624 3213 me
671 3172 719 3206 sor·
732 3154 962 3223 Vertorquinque;
975 3166 1136 3211 nectorunus

113 3241 253 3303 scripsisse.
269 3236 458 3306 Interrogative
475 3236 534 3305 lego
552 3237 623 3305 prius
709 3252 744 3301 ¹7·
757 3234 1157 3300 Ulsscm'nenicausasetc.Utdt·

115 3316 261 3382 distichon,
276 3326 304 3367 ut
315 3317 349 3369 sir
361 3318 445 3370 oratio
461 3316 621 3384 dubitantis,
670 3309 730 3379 plici
745 3329 821 3363 causa
833 3321 861 3364 et
875 3312 917 3365 via
927 3311 1031 3367 lethum
1041 3315 1156 3375 adferant,

114 3407 206 3450 utrum
216 3395 294 3447 lateri
306 3395 384 3460 velit,
400 3397 452 3449 sive
468 3394 579 3462 audeat,
593 3417 622 3450 se
670 3387 743 3441 ferro
754 3386 850 3441 Scilicet
862 3398 890 3442 el
899 3408 1013 3445 veneno.

114 3463 148 3516 ad
160 3462 309 3515 Maximum
321 3460 354 3512 de
366 3461 418 3514 suis
431 3462 507 3515 rebus
519 3482 550 3515 ex
562 3481 623 3532 pro·
708 3487 748 3518 ao.
766 3466 840 3519 More
856 3470 913 3534 Iups'
928 3472 1041 3522 clausas.
1060 3469 1157 3525 ovitttn

113 3541 200 3607 fesso,
215 3551 242 3593 et
257 3538 366 3607 nomine
383 3559 439 3592 non
454 3539 536 3594 celato
551 3540 622 3594 scri·
670 3545 742 3597 enirn
754 3543 845 3599 clausis
857 3546 1029 3603 obambulans
1041 3548 1112 3621 lupus
1122 3548 1156 3601 in·

113 3619 193 3686 bere,
209 3639 242 3671 an
255 3619 358 3681 minus;
373 3628 402 3670 ut
411 3619 539 3687 posterius
548 3618 622 3673 disti-
669 3619 758 3675 sidiari
771 3622 844 3675 solet.

113 3699 183 3752 cbou
196 3699 268 3769 quasi
278 3719 326 3768 per
336 3698 549 3767 subjunctionem
560 3698 622 3752 huic
704 3699 745 3750 23.
760 3702 957 3757 Veluliuallata.
967 3705 1058 3761 Vetusi
1066 3706 1157 3760 cimmo·

113 3777 270 3845 respondeat
284 3797 290 3831 ε
302 3776 442 3844 videlicet,
461 3776 526 3829 velle
543 3789 621 3846 atque
669 3773 738 3829 data.

114 3853 211 3906 audere
221 3875 284 3908 sese.
294 3855 422 3907 Dubitare
436 3864 523 3906 autem
532 3875 558 3907 se
569 3854 621 3907 fin·
703 3859 742 3908 25.
760 3859 815 3911 Nec
822 3855 932 3924 fronde,
950 3880 998 3916 nec
1011 3866 1096 3917 arbore
1105 3855 1155 3913 teclt'

114 3929 165 3998 git,
185 3945 292 4004 propter
310 3934 460 4004 Augustum
480 3935 620 4004 potissime.
670 3936 1019 3995 Latinoninvenusteuuus
1028 3940 1154 3995 Vaticano

114 4004 220 4060 Deinde
231 4013 326 4079 etiarn,
339 4023 369 4066 ut
381 4011 560 4066 adtentionem
576 4033 621 4082 pa-
702 4033 742 4085 ²9·
753 4016 813 4067 Nisi
828 4034 901 4082 quum
915 4028 1008 4086 stupor.
1025 4019 1078 4073 Nisi
1089 4025 1153 4085 quum

113 4095 163 4150 ret,
171 4088 556 4158 maguitudincmsuaemiseriae
565 4100 621 4144 tan·
669 4091 765 4143 mentis
785 4101 895 4161 torpor,
917 4106 944 4148 et
963 4097 1035 4165 quasi
1055 4090 1151 4167 quedam

112 4171 167 4214 tam
179 4180 234 4217 esse
246 4161 349 4234 innuit,
364 4178 393 4222 ut
406 4169 487 4223 taceri
498 4188 527 4222 ac
540 4168 623 4222 dissi-·
668 4168 789 4227 alienatio
802 4193 912 4229 asensu.
