2624 4816
391 414 430 480 P.
462 399 648 482 ovllln
680 413 913 488 NASONIS

118 553 214 630 Velle
231 580 307 629 reor
323 552 471 627 multoe:
490 554 565 654 quis
583 554 670 627 enim
685 555 768 629 milri
785 575 852 632 tam
870 560 917 635 sit
931 561 1092 665 iniquus,

166 673 275 773 Optet
290 687 330 744 ut
344 667 495 744 exsilium
513 696 592 768 pace
609 697 717 745 carere
735 670 870 747 mcum?

118 792 257 866 Pectore
272 805 304 861 te
322 805 412 875 toto,
431 787 623 888 cunctisque
638 788 830 865 incumbere
850 793 981 884 nervis,

166 908 213 981 Et
226 903 289 978 niti
304 932 367 1005 pro
385 931 437 976 me
453 920 552 977 nocte
571 902 689 1005 dieque
706 903 809 980 (lecet.

117 1023 231 1122 thue
242 1021 355 1120 juvent
372 1018 443 1108 alii,
462 1037 498 1093 tu
517 1018 619 1094 debes
633 1019 763 1093 vincere
778 1020 922 1112 amieos,

164 1139 279 1224 Uxor,
298 1154 332 1210 et
349 1136 390 1210 ad
407 1153 520 1238 partes
537 1136 644 1236 prima
661 1135 869 1213 venire'tuas.

115 1254 241 1348 Magna
260 1251 322 1325 tibi
337 1251 491 1351 imposita
506 1268 557 1326 est
570 1251 696 1326 nostris
713 1279 855 1352 persona
872 1252 1019 1332 libellis:

167 1367 328 1464 Conjugis
345 1364 530 1466 exemplum
547 1364 666 1441 diceris
684 1395 753 1441 esse
771 1366 879 1442 bonae.

116 1485 211 1558 Hanc
229 1512 305 1557 cave
323 1481 521 1578 degeneres:
537 1499 576 1555 ut
592 1483 660 1556 sint
676 1484 843 1582 praecunia
858 1503 976 1560 nostra
1150 1510 1175 1578 45

162 1602 251 1675 Vera
266 1597 351 1689 fide,
367 1598 461 1672 famae
479 1627 546 1698 quo
563 1597 685 1671 tuearis
702 1628 798 1700 opus.

57 1768 59 1775 ,
113 1718 162 1790 Ut
176 1715 261 1788 nihil
280 1714 351 1815 ipse
368 1743 502 1815 querar,
522 1715 624 1789 tacito
640 1742 692 1787 me
708 1714 792 1790 fama
811 1734 988 1817 queretur,

163 1833 248 1928 Quae
263 1828 379 1917 (lebet,
398 1830 498 1904 suerit
511 1830 547 1902 ni
565 1830 629 1903 tibi
646 1858 725 1905 cura
741 1831 816 1905 mei.

119 414 184 507 372

113 2014 168 2072 tet,
179 2013 210 2057 ut
222 2012 303 2056 noctu
315 2001 433 2072 invigiles
445 2001 508 2072 quid
521 2003 565 2057 die
576 2021 625 2073 pro
675 2010 880 2072 corpusctvr'res,
889 2011 1040 2074 arr'urosque
1050 2010 1174 2075 ἅψασα.

114 2101 157 2136 me
169 2080 322 2135 laciendum
334 2080 374 2132 sit.
675 2084 836 2150 Degenerare
856 2102 945 2136 nomer
969 2082 1134 2154 Capitolinus
1152 2088 1174 2139 in

147 2164 187 2230 37.
201 2162 269 2215 Velle
279 2178 335 2212 reor
343 2162 491 2227 mullosqm'.
502 2158 625 2213 Arbitror
674 2157 766 2228 Opilio
778 2159 917 2226 Macrino;
931 2160 976 2215 uhi
984 2180 1124 2232 perperam
1131 2164 1174 2218 sat-

114 2239 212 2294 multoe
222 2237 329 2307 quidem
341 2255 413 2302 esse,
428 2236 487 2304 qui,
500 2237 520 2289 si
534 2236 625 2290 volun·
675 2236 772 2290 marius
784 2240 935 2305 degerim,
963 2239 1174 2296 Animadversio-

115 2329 168 2372 tate
181 2326 302 2386 possent,
315 2324 360 2367 aut
372 2333 403 2368 eu
412 2313 624 2380 solasufficeret,
673 2333 738 2366 num
750 2333 806 2384 pag.
821 2334 881 2386 ¹7⁰³
900 2314 1014 2384 Statius,
1032 2318 1116 2374 Theb.
1131 2322 1173 2386 lv,

114 2391 627 2463 mejuvarevellen133ednonsatiseat
672 2414 740 2448 vers.
761 2397 807 2462 148
829 2414 835 2447 :
856 2417 870 2442 α
888 2393 1045 2466 laenamque
1063 2397 1174 2453 immanis

113 2472 180 2526 velle
194 2491 201 2525 ι
215 2473 309 2524 verum
325 2478 430 2539 oportet
447 2479 503 2522 toto
520 2479 625 2538 pertore
674 2472 773 2525 alumni
793 2471 969 2542 Degenerem
992 2495 1007 2520 »
1031 2476 1069 2530 ita
1091 2496 1174 2532 censeo

114 2553 144 2605 in
149 2551 219 2604 lianc
226 2567 284 2602 rem
293 2559 318 2601 te
328 2546 497 2600 incumbere:
507 2566 626 2601 omnem·
673 2549 841 2602 scribendum
851 2549 985 2618 :farraque
994 2554 1175 2609 nunccircum·

115 2649 167 2698 que
181 2645 290 2698 operam
307 2644 337 2678 ac
350 2623 514 2695 diligentiam
530 2626 627 2680 adver*

114 2718 188 2772 tere,
200 2717 248 2760 etc.
260 2704 365 2757 Mrcrn.

154 2786 193 2839 38.
219 2788 308 2839 Carere
322 2802 398 2850 pace.
423 2780 522 2835 Cerere
544 2781 626 2835 animi

115 2862 301 2930 tranquillitate
317 2879 348 2913 ex
365 2859 504 2927 triscuria,
522 2859 550 2911 in
566 2859 625 2928 qui-

115 2940 164 2992 bus
175 2939 281 2992 adsidue
294 2957 392 2991 versor.

149 3021 189 3086 43.
201 3020 300 3086 Magna
310 3038 426 3085 persona.
443 3017 527 3088 Quasi
539 3017 624 3086 dicat,

118 3115 245 3166 magnum
258 3116 367 3150 nornen.

154 3177 195 3241 45.
215 3177 270 3228 Nec
285 3192 346 3226 care
366 3177 505 3242 degeneres.
529 3173 625 3242 Scripti

117 3253 238 3305 meliores
253 3261 404 3303 constanter
422 3254 498 3305 Hauc
509 3271 569 3305 care
584 3256 627 3304 de-

115 3345 235 3398 generes,
253 3327 324 3394 quod
337 3347 429 3380 verum
442 3338 500 3391 est;
513 3328 625 3379 Metam.

118 3408 187 3473 Vll,
201 3426 237 3458 vs.
249 3407 296 3471 542
308 3410 339 3457 :⁴«
354 3405 425 3457 Acer
434 3425 517 3473 equus
533 3425 625 3474 quon-

117 3488 194 3553 dam,
208 3504 361 3555 magnaque
371 3485 399 3536 in
412 3487 518 3553 pulvere
530 3487 624 3553 lamae,

118 3569 272 3639 Degenerat
283 3567 380 3636 palmas
393 3604 400 3630 ,
413 3586 426 3611 u
441 3566 477 3618 sic
491 3577 517 3619 et
532 3568 566 3619 ibi
581 3588 626 3619 ve-

117 3649 219 3701 terrimi
238 3645 359 3706 codices;
381 3642 493 3709 Statius,
510 3645 552 3697 lib.
564 3646 624 3711 Ill,

118 3726 190 3798 Sylv.
203 3725 236 3777 de
245 3724 360 3777 Hercule
373 3721 548 3787 Surrentino,
565 3723 626 3775 160:

119 3828 133 3853 t<
145 3808 215 3860 Nam
226 3807 309 3874 capit,
323 3814 350 3855 et
359 3813 462 3855 tantum
479 3820 531 3855 non
546 3801 626 3869 dege·

117 3884 220 3936 nerabit
240 3884 408 3937 honorem.»
426 3881 517 3951 Virgil.
531 3881 626 3949 Georg.

118 3960 163 4025 ll,
178 3967 224 4033 59,
238 3981 386 4030 quanquam
399 3960 478 4013 dubie
491 3980 497 4012 ε
508 3982 520 4005 α
531 3961 625 4012 Poma·

119 4057 170 4107 que
182 4038 343 4108 degenerant
359 4058 448 4093 suocos
460 4037 538 4091 oblita
553 4038 624 4106 prio·

119 4134 192 4168 ress»
203 4114 368 4181 Columella,
380 4117 425 4168 lib.
433 4118 502 4181 Vll,
514 4134 568 4183 cap.
581 4136 624 4182 ra,

121 4196 249 4258 Venami
253 4199 344 4246 terreris
352 4197 504 4258 conceditur,
513 4199 628 4260 carpite!

673 2626 768 2681 fertur.
782 2626 954 2694 Monuitjam
964 2627 998 2681 de
1007 2631 1135 2701 scriptura
1143 2651 1176 2685 co

673 2705 765 2758 dirum
785 2704 981 2759 Ouidianorum
1003 2708 1175 2780 Zinzerlingur

675 2784 805 2836 Promuls‘.
814 2781 907 2837 Critic.
914 2803 971 2854 cap.
982 2786 1021 2837 13.
1031 2788 1106 2840 H.-
1113 2788 1176 2841 ltret

675 2859 745 2930 apud
758 2860 977 2928 Quintilianum,
994 2862 1042 2916 lib.
1054 2850 1125 2932 llll,
1138 2882 1175 2928 ro,

674 2957 705 2992 er
714 2938 786 2991 MSS
797 2959 803 2991 :
815 2959 828 2984 «
839 2936 989 3007 Querelut
999 2951 1057 2994 sata
1066 2942 1176 3011 quodam

674 3018 766 3075 caelum
779 3028 928 3086 terramque
942 3017 1140 3087 degenerant.»

706 3097 744 3162 46.
753 3098 837 3147 Fame
844 3116 914 3163 opus.
924 3095 1023 3161 Malim
1031 3119 1098 3154 orus
1106 3118 1174 3170 :prr-

673 3172 777 3226 cedenti
787 3193 877 3238 versu,
887 3179 976 3227 ursin!
983 3175 1082 3232 rectius
1092 3176 1175 3232 vetusti

673 3249 787 3316 codices,
801 3271 879 3319 quarn
888 3256 981 3305 elsr‘rrt.
997 3254 1036 3307 H.

706 3331 745 3397 47.
757 3331 846 3381 Tacito
858 3328 979 3394 mesaraa
989 3339 1112 3400 queretur,
1125 3335 1174 3401 Qu

674 3410 752 3462 debet.
770 3408 788 3460 J
792 3419 846 3461 uste
861 3410 932 3461 enim
949 3409 1103 3467 incusamur
1115 3430 1173 3466 uxo-

673 3508 748 3553 rem,
762 3507 844 3556 quum
857 3489 890 3541 ab
902 3507 932 3541 ea
945 3490 1124 3560 conspicimur
1131 3510 1175 3545 rnr-

674 3568 754 3618 ritum
767 3566 860 3620 deseri.

707 3648 746 3709 48.
760 3649 845 3698 ruent
852 3651 882 3697 ni
889 3650 1005 3700 rr'br'cura
1013 3653 1069 3700 mei.
1079 3646 1176 3703 Nimilti

675 3723 795 3791 opitulari
814 3727 952 3782 curaveris.
975 3728 1057 3782 Mure.
1071 3758 1106 3770 -
1126 3730 1176 3796 Qu

674 3806 759 3859 debet.
769 3804 853 3870 fuerit
862 3811 892 3856 ri
899 3810 949 3858 tibi
957 3826 1021 3860 cura
1031 3815 1089 3862 mei.
1097 3810 1139 3864 Tu
1148 3808 1177 3862 ric

674 3893 796 3935 construe
810 3883 868 3936 :Ut
884 3903 933 3952 ego
952 3895 1077 3953 taceam,
1097 3899 1176 3942 tamen

673 3959 744 4011 lama
757 3971 917 4028 quereturet
929 3960 1096 4031 loqueturdc
1109 3976 1134 4018 te
1144 3963 1177 4033 ni·

674 4037 695 4088 si
707 4038 752 4088 tibi
763 4057 824 4090 eura
837 4057 880 4103 ea,
901 4058 960 4108 quae
977 4041 1070 4110 debet,
1088 4042 1120 4095 ‹le
1138 4059 1176 4094 me

674 4114 773 4173 suerin
787 4128 816 4168 ut
827 4136 945 4183 comma,
957 4118 1031 4185 Qure
1044 4119 1136 4186 debet,
1149 4116 1176 4172 ad

675 4194 810 4261 sequentia
820 4195 960 4249 referatur.
972 4197 1020 4252 Est
1031 4198 1105 4253 enim
1117 4202 1176 4272 irip-
