2624 4816
130 411 542 481 'EXPONTOLIR
570 413 626 478 II.
654 413 900 483 EPIST.11.
998 420 1064 514 317

99 585 117 628 n
134 573 242 628 tamen
260 551 400 640 efficies,
417 569 457 626 ut
473 553 607 627 timeare
623 551 715 625 mibi.

99 673 121 744 is
139 668 394 744 Achaemeniden
416 669 553 743 Graium
571 670 716 768 Trojana
732 670 877 772 recepit;
1033 697 1066 748 25

99 788 178 861 >luit
192 804 226 860 et
241 765 344 887 Mimo
361 784 468 860 Pelias
485 786 582 859 basta
598 783 685 858 duci.

99 903 158 998 igit
177 902 342 977 interdum
361 901 477 1002 templi
496 899 637 975 violator
653 899 696 972 ad
712 927 820 988 aram,
862 980 867 987 ,

99 1047 113 1090 r
129 1035 240 1120 petere
260 1017 379 1091 offensi
396 1015 544 1090 numinis
559 1017 675 1090 horret
692 1044 800 1116 opem.

99 1133 126 1204 it
141 1132 206 1205 hoc
223 1131 344 1233 aliquis
363 1149 471 1206 tutum
489 1161 560 1205 non
576 1160 667 1220 esse;
687 1133 850 1219 fatemur,

99 1249 197 1322 lnon
211 1277 271 1350 per
285 1247 432 1348 placidas
449 1247 476 1320 it
492 1276 564 1321 mea
581 1249 706 1349 puppis
722 1277 836 1348 aquas.
1035 1274 1068 1325 30

100 1383 215 1465 petant
229 1365 285 1438 alii
304 1391 312 1434 ε
328 1365 462 1438 fortuna
477 1365 659 1439 miserrima
677 1380 750 1437 tuta
767 1385 836 1450 est3

99 1510 129 1554 m
143 1482 244 1555 timor
261 1499 398 1556 eventus
416 1480 588 1554 deterioris
603 1480 706 1555 abest.

108 1678 184 1712 versu
203 1659 322 1727 proximo
340 1657 462 1712 Politian.
480 1668 507 1711 et
555 1679 586 1712 ex
600 1659 713 1730 vestigiis
729 1659 986 1728 vetustissimilibri,
999 1663 1066 1717 630:

99 1740 124 1793 el.
136 1740 243 1810 officim.
258 1741 359 1794 Httnts.
556 1759 570 1784 «
579 1739 620 1794 Ne
630 1749 763 1793 temerant
773 1759 853 1807 puros
866 1741 1011 1795 exanimata
1023 1741 1068 1795 lo-

99 1821 178 1886 'uppr's
189 1819 391 1871 Achaemeniden·
405 1817 506 1871 Notum
555 1837 606 1870 cos.
617 1839 629 1865 s
643 1818 675 1872 ln
685 1818 759 1872 Ibide
768 1828 857 1872 tamen
867 1858 874 1886 ,
884 1821 932 1874 313
941 1839 966 1873 :u
976 1822 1067 1891 thue

99 1896 285 1950 emadmodum
307 1895 506 1949 Achaemenides
555 1895 628 1947 Jovis
643 1894 733 1967 Libyci
750 1897 878 1966 templum
898 1898 995 1952 violare
1014 1919 1066 1970 pa·
1090 1934 1094 1941 ·

109 1976 219 2029 infelicis
241 1974 341 2046 Ulyssis
366 1974 394 2026 in
420 1973 507 2027 Sicilia
555 1983 664 2038 rentes;
682 1995 696 2021 >2
712 1975 780 2042 apud
795 1975 926 2030 Velleium
943 1996 1066 2048 quoque,

106 2073 202 2107 navem
217 2052 367 2120 adscendit,
384 2071 464 2121 seque
478 2071 507 2105 ac
555 2050 599 2104 lib.
616 2051 644 2105 ΙΙ
660 2070 666 2104 z
682 2073 696 2097 s
710 2050 811 2106 Omnia
824 2054 909 2123 pretio
921 2064 1066 2123 temerata,

102 2151 130 2185 os
141 2150 234 2184 omnes
245 2130 364 2184 liberavit
380 2150 395 2182 a
410 2129 509 2202 Cyclo-
554 2130 688 2185 vendente
706 2134 896 2202 rempublicam
913 2137 1020 2190 consule
1033 2159 1041 2202 3
1054 2160 1067 2185 s

99 2212 191 2278 sevitia,
211 2221 241 2264 ut
253 2211 443 2281 elegantissimo
455 2210 508 2264 de·
555 2209 600 2262 ubi
612 2218 749 2279 temperata
760 2231 833 2266 nunc
843 2213 938 2282 legitur
947 2225 1069 2269 :temera—

99 2286 193 2359 virgil.
202 2288 265 2341 AEn.
277 2288 320 2341 lib.
329 2289 386 2354 ΙΙΙ,
397 2290 445 2342 588
452 2307 508 2357 sqq.
555 2306 592 2348 re,
606 2304 792 2356 corrumperet
806 2290 940 2358 sicstuvr'os
949 2303 1068 2346 temerare

99 2367 159 2438 lysa
169 2368 235 2418 duci.
245 2364 364 2433 Telepho
374 2366 429 2435 regi
444 2365 509 2438 My·
555 2370 658 2418 venenis
672 2376 764 2420 nostro
781 2366 848 2419 Met.
861 2369 917 2421 Vll
925 2408 932 2435 ,
952 2388 988 2422 vs.
1002 2370 1066 2436 535,

99 2443 215 2497 rovinciae
230 2443 370 2514 Pbrygiae,
384 2461 443 2512 quae
457 2443 509 2496 ad·
556 2442 822 2510 etcorpomndandis
830 2447 940 2511 dapibus
951 2455 1069 2500 temerare

99 2519 251 2590 {ellesponto
264 2541 270 2575 ι
283 2522 357 2590 cujus
371 2515 508 2574 historiam
556 2519 623 2571 Met.
635 2520 698 2585 XV,
706 2540 741 2574 vs.
752 2523 796 2588 75;
807 2522 927 2589 Tacitus,
937 2523 1006 2576 Hist.
1016 2524 1066 2589 IV,

99 2619 103 2652 r
122 2599 234 2652 diximus
250 2598 279 2652 in
296 2599 383 2667 primo
399 2597 432 2650 de
448 2598 509 2652 Re·
556 2615 611 2666 cap.
626 2597 657 2648 53
669 2616 675 2649 ε
685 2618 698 2643 s
712 2598 821 2666 Injectae
831 2597 1013 2654 fundamentis
1026 2621 1070 2654 ar-

99 2677 319 2731 amoris-Petras
331 2680 413 2731 hasta.
427 2678 510 2730 Hasta
557 2674 629 2743 genti
642 2675 751 2743 aurique
764 2675 856 2745 stipes,
870 2686 897 2730 et
904 2678 1088 2739 metallorum.

99 2755 510 2825 s.Hooigituretsequentiexem-
557 2753 679 2822 primitiae
707 2753 785 2807 nullis
808 2753 959 2810 fornacibus
987 2757 1069 2812 victer.

99 2845 208 2904 ,gustum
219 2834 267 2888 sibi
279 2833 417 2886 inimicum
428 2831 510 2885 mini·
558 2827 706 2884 Praediiere
720 2830 885 2901 haruspices,
904 2852 938 2886 ne
951 2845 1070 2889 temera-

99 2911 210 2966 rendum
229 2930 283 2964 esse
302 2910 399 2980 colligit
416 2920 510 2979 poetar
557 2920 632 2962 retur
649 2929 714 2978 opus
733 2930 813 2978 saxo,
835 2930 931 2966 aurove
951 2914 980 2966 in
1000 2915 1070 2971 aliud

99 3009 130 3043 :m
141 2989 227 3044 hostes
237 3007 419 3059 saepenumero
429 2989 510 3041 etiam
558 2988 719 3043 destinato.»
734 2991 835 3045 Huius.

100 3066 509 3137 iexstitereineosquosoderant.
591 3087 631 3140 op
639 3070 907 3139 Dixerittocaliquo.
915 3072 1071 3144 Respondet

99 3148 303 3214 Vemplr'vsblator.
315 3145 510 3199 Temeratorl'e·
558 3147 620 3200 buic
630 3148 776 3215 quaestioni.
789 3149 881 3202 Posset
893 3151 965 3204 enim
980 3151 1071 3221 aliquis

99 3245 136 3291 rs;
145 3227 255 3280 rectius:
265 3228 373 3293 Festus,
385 3249 398 3274 α
410 3227 511 3280 Teme·
558 3223 657 3279 dicere:
667 3224 792 3295 exemplis
801 3227 909 3296 probas,
920 3221 1010 3298 poeta,
1022 3231 1071 3283 mi-

99 3305 188 3359 riolare
197 3324 269 3358 saera
277 3316 303 3358 et
312 3307 509 3372 contaminare,
559 3302 632 3354 nime
645 3302 797 3356 timendum
808 3323 863 3367 esse
874 3305 1008 3360 offensum
1017 3308 1071 3360 Au·

99 3383 236 3439 [videlieet
248 3403 262 3436 a
274 3385 421 3438 temeritate
431 3405 437 3437 :
447 3405 460 3430 »
469 3403 510 3452 ap.
559 3380 627 3447 gusti
639 3399 742 3434 numen
760 3400 766 3434 z
785 3399 835 3451 ego
850 3402 913 3435 vero
933 3383 1071 3437 consilium

104 3464 167 3518 AEn·
175 3464 218 3517 lib.
226 3464 268 3516 Vl
277 3502 284 3528 ‚
294 3482 330 3515 vs.
338 3465 398 3529 841:
408 3464 511 3517 «Ultus
559 3468 800 3513 tuumcenseonon
811 3479 865 3514 esse
874 3471 977 3528 tutum,
987 3461 1019 3513 ab
1025 3460 1073 3513 iui-

99 3543 173 3611 rojse,
182 3541 280 3609 templa
290 3552 317 3595 et
325 3540 512 3593 temerataMi-
559 3537 629 3589 mico
636 3537 747 3591 salutern
761 3550 788 3591 et
799 3539 868 3592 bona
878 3549 976 3606 petere.
989 3537 1071 3606 Quod

99 3640 103 3684 ¹,
116 3641 130 3665 »
140 3618 309 3687 Propertius,
322 3617 365 3670 lib.
376 3617 427 3684 IV,
437 3617 511 3687 Eleg.
559 3626 586 3668 et
601 3615 820 3671 fateturOvidius
830 3637 836 3670 :
847 3617 892 3671 sed
900 3616 989 3683 addit,
999 3636 1074 3670 seco

103 3714 148 3750 ara
158 3697 298 3762 Herculis,
312 3716 347 3750 vs.
357 3696 404 3766 69:
418 3718 432 3743 «
446 3697 512 3749 Haec
560 3693 585 3764 gi
597 3695 670 3763 quasi
681 3713 728 3764 per
736 3705 934 3764 tempestatem,
946 3695 973 3747 in
984 3714 1073 3764 quem·

100 3794 221 3844 unquam
246 3785 332 3843 pateat
357 3774 512 3827 temeranda
560 3773 598 3826 vis
612 3785 720 3842 portum
731 3773 884 3842 confugere.
898 3774 986 3828 Portu.

99 3875 125 3907 ,a
138 3854 178 3907 lta
185 3852 269 3906 scribe
279 3856 435 3905 :veneranda
443 3851 511 3904 male
593 3852 635 3904 30.
646 3855 707 3904 Mea
718 3856 798 3904 narrt.
809 3854 906 3918 Puppis
914 3850 1037 3906 Politian.
1048 3863 1075 3906 et

99 3943 156 3995 ttat;
170 3930 303 3996 Tibullus,
313 3930 355 3982 lib.
365 3931 421 3995 111,
435 3930 510 3995 mv,
560 3947 604 3983 sex
615 3929 666 3982 atii.
678 3929 780 3982 Hmns.

99 4007 416 4078 :Nonegotentavinulli
426 4018 512 4060 teme·
594 4009 635 4061 31.
652 4011 763 4061 Fortuna
779 4010 919 4059 miserrima
936 4016 985 4061 etc.
1002 4007 1074 4076 Quia

99 4088 215 4142 virorum
224 4086 317 4140 Audax
326 4084 464 4141 laudandae
473 4105 513 4139 sa-
561 4085 625 4139 nibil
639 4083 750 4138 miseria
760 4082 883 4138 accedere
896 4084 929 4137 ad
941 4104 1072 4139 summam

99 4184 153 4221 :ere
166 4165 265 4228 Dete.»
284 4165 381 4223 Noster
395 4163 464 4217 Fast.
480 4164 512 4228 t,
561 4174 663 4232 potest:
674 4162 805 4218 uecenim
813 4181 918 4217 summa
928 4163 1007 4218 foret.
1020 4165 1052 4218 P.
