2624 4816
114 389 183 476 tto
397 395 646 461 novrum
675 393 902 466 nasonis

70 538 76 551 '
162 533 275 632 Atque
293 533 398 607 isdem
415 531 538 611 studiis
555 533 755 635 imposuisse
769 565 914 611 manum.

114 651 228 724 Litora
243 647 367 750 pellitis
385 648 525 723 nimium
542 651 691 749 subjecta
709 650 867 740 Corallis,

163 770 211 840 Ut
228 766 358 840 tandem
376 794 478 840 saevos
497 765 721 869 effugiamque
740 768 859 857 Getas,

115 882 300 983 Clausaque
317 882 345 955 si
362 883 483 955 misero
502 882 607 985 patria
624 901 694 971 est,
712 901 751 958 nt
767 912 874 986 ponar
889 883 925 958 in
942 884 1038 978 ullo,
1145 911 1168 964 tt

163 1001 234 1098 Qui
247 1001 356 1075 minus
374 1000 525 1075 Ausonia
541 1000 641 1077 distet
656 1003 698 1076 ab
716 1003 818 1091 urbe,
834 1002 934 1093 loeo;

114 1119 213 1194 Unde
233 1120 448 1219 tuaspossim
467 1119 581 1193 laudes
598 1119 762 1195 celebrare
778 1139 947 1210 recentes,

163 1232 354 1332 Magnaque
374 1261 473 1332 quam
490 1232 626 1306 minima
643 1231 730 1306 saeta
747 1231 867 1307 referre
884 1261 990 1307 mora.

116 1351 246 1446 Tangat
261 1367 300 1422 ut
316 1348 383 1422 hoc
402 1367 515 1423 votnm
533 1347 690 1438 calestia,
708 1378 781 1424 care
799 1348 917 1439 Suilli,

164 1467 330 1554 Numina,
349 1495 412 1568 pro
431 1494 546 1540 socero
561 1495 653 1567 pane
671 1494 805 1569 precare
823 1483 894 1541 tuo.
1145 1505 1169 1560 9⁰
1214 1540 1216 1577 ÷

149 1656 190 1708 85.
200 1655 232 1706 In
243 1656 297 1704 illo.
309 1654 369 1704 Ullo
377 1650 626 1720 reposuitHeinsius
709 1651 748 1718 87.
761 1653 892 1704 Recentes.
909 1648 1008 1704 Malim
1021 1660 1129 1706 recenter.
1140 1652 1166 1705 Η.
1214 1686 1216 1727 ς

34 1765 36 1770 -
115 1751 148 1785 ex
157 1731 245 1785 codice
256 1730 466 1799 Moreti,quem
477 1748 581 1798 sequor.
676 1728 731 1783 Sed
744 1729 1029 1800 prinspraeferendum
1040 1743 1085 1786 est.

112 1899 1163 1932 w

434 2036 746 2123 EPISTOLA
784 2040 866 2124 IX.

520 2403 788 2478 GRAECINO.

472 2745 829 2806 ARGUMENTUM.

119 2896 255 2963 Graeoino,
271 2898 371 2952 consuli
386 2897 538 2967 designato,
557 2908 585 2952 et
602 2897 679 2951 fratri
691 2899 747 2967 ejus
765 2900 915 2966 Pomponio
928 2898 1040 2966 Macen,
1061 2899 1110 2970 ipsi
1126 2917 1176 2954 sue-

151 3001 272 3049 cessnro,
285 3003 348 3037 eum
365 2982 496 3037 honorem
513 2982 655 3053 gratulatus
674 2981 761 3048 dolet,
778 2982 848 3051 qnod
862 3002 918 3037 non
931 3002 1023 3037 coram
1043 2985 1130 3040 adesse
1140 2981 1178 3037 sibi

151 3063 218 3116 licet.
228 3065 311 3119 Suam
318 3085 424 3120 eausam
435 3066 540 3135 utrique
549 3064 725 3119 commendat.
733 3065 805 3119 Huic
814 3084 933 3134 quoque,
944 3066 992 3135 qui
1000 3066 1180 3138 ntysioeprno

151 3145 251 3211 luerit,
264 3148 427 3201 atrocitatem
436 3148 516 3201 exsilii
525 3148 564 3200 sui
575 3157 667 3200 notam
679 3166 734 3200 esse
742 3146 839 3201 refert:
850 3146 988 3217 probitatis
995 3167 1061 3217 suae,
1074 3146 1180 3203 narbaris

152 3232 233 3285 etiam
245 3242 340 3301 gratae,
354 3245 380 3288 et
392 3232 495 3303 pietatis
506 3233 535 3287 in
548 3231 665 3287 Caesares
674 3233 794 3286 Pontum
805 3233 911 3288 invocat
923 3244 1029 3290 testem.

6 3455 9 3460 ’
119 3387 251 3490 UNDE
266 3415 362 3501 lieet,
380 3444 449 3487 non
466 3416 552 3490 unde
566 3417 676 3514 juvat,
697 3415 866 3505 Graecine,
884 3417 1031 3493 salutem
1145 3418 1148 3424 ’

121 3606 126 3619 ,
167 3531 278 3605 Mittit
294 3530 336 3603 ab
353 3530 494 3603 Euxinis
511 3532 596 3604 hano
613 3530 676 3604 tibi
692 3533 784 3604 Naso
800 3530 902 3604 vadis.

108 3649 291 3748 -Missaque
304 3649 351 3721 Di
368 3645 489 3720 saciant
504 3674 656 3720 auroram
672 3664 824 3721 occurrat
840 3647 883 3719 ad
897 3646 1018 3738 illam,

166 3766 226 3838 Bis
243 3793 340 3840 senos
354 3763 457 3838 Fasces
474 3791 547 3862 qua
564 3762 628 3834 tibi
644 3763 750 3864 prima
767 3761 871 3836 dabit.

151 3954 174 3985 α.
188 3933 232 3984 Ab
242 3933 361 3986 Euxinis.
372 3932 628 3986 Abha'rsntr's...Getrlr
677 3928 771 3997 quibus
785 3929 848 3982 novi
869 3928 991 3983 consules
1010 3929 1186 4000 magistratum

121 4007 235 4063 Combii.
675 4009 795 4075 inibant,
805 4009 867 4062 etin
879 4008 1046 4079 Capitolium
1055 4007 1186 4064 adscende

151 4089 174 4152 lp
185 4089 235 4139 Bis
246 4105 321 4138 senos
326 4086 426 4154 fasces.
439 4084 566 4155 Designat
579 4103 627 4137 au·
675 4088 740 4140 bant
752 4107 813 4140 eum
826 4098 935 4154 senatu,
946 4089 1123 4143 sacrificatum
1134 4086 1186 4140 Diis

120 4173 174 4217 tem
195 4162 309 4218 Ovidius
330 4162 464 4217 Kalendas
485 4160 626 4227 Januarii,
676 4163 877 4221 immortalibus.
888 4165 972 4222 Unde
981 4167 1121 4238 subjungit
1130 4182 1183 4235 poe·
