2624 4816
264 386 330 452 EX
354 385 537 453 PONTO
559 387 658 453 LIB.
684 389 739 454 11.
765 390 931 458 EPIST.
958 392 1026 460 VI.
1112 395 1175 478 343

117 527 217 598 Nunc
232 525 313 598 mihi
331 526 499 621 naufragio
517 527 595 627 quid
612 528 747 627 prodest
760 527 882 630 discere
898 531 1002 621 sacto,

170 641 281 736 Quam
299 668 369 714 mea
387 640 537 713 debuerit
555 670 682 725 currere
701 642 816 743 cymba
831 645 943 718 viam?

119 753 259 828 Brachia
278 753 319 827 da
334 753 419 827 lasso
439 754 552 854 potius
567 756 757 855 prendenda
772 759 898 832 natanti
911 789 919 846 ;

170 869 238 940 Nec
254 867 364 966 pigeat
379 885 490 940 mento
507 867 719 968 subposuisse
737 899 878 944 manum.

118 981 225 1080 quue
243 980 338 1065 facis,
357 981 521 1084 faciasque
538 1012 678 1085 precor:
694 985 740 1059 sie
757 1004 861 1060 mater
878 1002 910 1059 et
926 1014 1029 1076 uxor,
1153 1009 1182 1061 15

171 1093 225 1164 Sic
245 1092 306 1177 tibi
321 1094 387 1166 sint
399 1094 530 1185 fratres,
549 1115 683 1197 totaque
701 1098 788 1172 salva
804 1099 933 1172 domus.

121 1209 290 1309 Quodque
305 1210 391 1285 soles
408 1213 536 1300 animo,
557 1214 646 1315 quod
661 1242 788 1315 semper
803 1244 881 1288 voce
900 1215 1041 1316 precari,

171 1327 293 1399 Omnia
312 1328 561 1402 Caesaribus'sie
579 1348 634 1403 tna
651 1332 735 1403 faeta
750 1333 880 1430 probes.

119 1442 234 1540 Turpe
251 1441 314 1514 erit
329 1443 364 1514 in
382 1443 509 1525 miseris
527 1445 627 1519 veteri
645 1445 707 1518 tihi
723 1445 824 1519 rebus
840 1444 946 1518 amieo

168 1546 340 1631 Auxilium
355 1559 446 1632 nulla
460 1578 552 1660 parte
570 1561 684 1636 tulisse
704 1579 808 1635 tuum.

121 1674 236 1774 Turpe
254 1674 372 1747 reserre
391 1674 526 1774 pedem,
543 1701 603 1748 nec
621 1704 720 1775 passu
737 1696 821 1750 stare
840 1677 966 1750 tenaci:

127 1772 131 1779 ⁴
169 1789 282 1889 Turpe
301 1789 508 1863 laborantem
527 1791 706 1866 deseruisse
722 1812 835 1866 ratem.

120 1907 234 2004 Turpe
255 1905 349 2005 sequi
366 1934 492 1994 casum,
510 1925 543 1982 et
560 1908 700 1982 sortunae
718 1909 846 1999 cedere,
863 1909 1003 1983 amicum

168 2024 232 2107 Et,
250 2022 315 2096 nisi
334 2021 377 2095 sit
394 2022 484 2111 felix,
504 2051 572 2097 esse
589 2053 707 2119 negare
723 2051 830 2098 suum.

120 2138 198 2210 Non
216 2137 262 2211 ita
279 2137 431 2210 vixerunt
448 2138 607 2238 Strophio
624 2157 722 2238 atque
738 2139 984 2232 Agamemnone
1001 2138 1093 2212 nati:
1149 2159 1180 2210 25

168 2250 246 2320 Non
265 2249 332 2321 haec
349 2250 476 2344 AEgidae
494 2252 701 2352 Pirithoique
718 2251 808 2323 fides.

120 2363 220 2458 Quos
237 2363 331 2462 prior
347 2381 398 2436 est
415 2365 549 2453 mirata,
569 2393 708 2466 sequens
727 2364 900 2437 mirabitur
920 2382 1018 2450 aetas;

169 2483 209 2552 ln
228 2465 368 2580 quorum
385 2481 519 2582 plausus
537 2500 606 2558 tota
624 2484 749 2556 theatra
767 2499 894 2555 sonant.
1008 2582 1011 2589 ἱ

120 2595 173 2666 Tu
192 2622 345 2693 quoque,
362 2625 421 2696 per
436 2598 554 2673 durum
573 2617 698 2672 servato
717 2615 845 2698 tempus
862 2594 984 2682 amieo,

168 2711 303 2806 Dignus
319 2742 353 2786 es
371 2715 405 2786 in
424 2716 523 2789 tantis
540 2743 660 2788 nomen
678 2714 796 2788 habere
816 2711 901 2786 viris.
1146 2736 1179 2787 ³0

120 2829 252 2923 Dignus
270 2859 325 2904 es:
342 2850 374 2905 et
391 2833 545 2932 quoniam
561 2832 690 2906 laudem
706 2833 826 2930 pietate
842 2831 992 2917 mereris,

155 3004 193 3038 ιι.
210 2988 385 3053 Qur'a'prodes!
391 2991 478 3041 dicere.
486 2991 574 3042 Immo
583 2991 625 3038 dr'-
672 2985 792 3039 distincto
807 2986 970 3051 aFortuna,
988 2985 1045 3038 vide
1060 2986 1176 3054 Quinti-

119 3079 189 3114 seere
200 3080 261 3114 cum
278 3062 379 3114 Sarrav.
396 3074 423 3116 et
435 3065 489 3117 aliis
501 3065 624 3132 quinque.
671 3062 786 3129 liannm,
801 3063 917 3116 Declam.
929 3062 978 3128 lv,
996 3063 1031 3114 13.

156 3158 194 3190 ια.
207 3142 264 3205 Qua
271 3160 326 3192 mee
333 3144 444 3194 debuerit
449 3162 545 3194 currere
555 3161 625 3212 cym-
705 3143 744 3193 25.
756 3143 861 3213 Nonpr'ta
871 3146 991 3193 vixerunt.
1013 3142 1073 3193 Non
1086 3141 1121 3194 ita
1132 3162 1176 3195 se·

84 3270 85 3273 Ἴ
120 3217 155 3266 ba
168 3219 219 3268 υία.
239 3217 320 3281 Quam
334 3222 402 3268 tu'am
414 3237 481 3270 unus
493 3217 626 3269 Hafnien·
671 3218 724 3270 euti
738 3228 801 3270 sunt
819 3236 921 3277 casum,
940 3217 1086 3271 deserendo
1099 3239 1125 3272 se
1145 3220 1172 3272 in

120 3290 155 3344 sis
173 3301 200 3344 et
218 3297 286 3346 unus
298 3295 454 3356 Vossianus3
467 3305 544 3347 recte.
555 3293 624 3344 Vide
672 3296 791 3348 adversis.
799 3297 1020 3362 -Nate'Slropbr'o
1026 3298 1175 3364 atqueAga-

120 3380 197 3424 notas
209 3371 288 3426 Trist.
297 3376 333 3438 V,
343 3374 464 3442 Eleg.vr1
473 3413 481 3438 ‚
491 3393 525 3425 vs.
537 3373 576 3426 36.
589 3374 624 3425 Η.
671 3392 804 3424 memnone.
810 3372 934 3444 Pyladem
944 3373 1098 3428 et0restem
1106 3375 1175 3442 opti-

157 3467 195 3517 17·
208 3451 283 3514 Quod
288 3455 355 3503 soles
363 3470 459 3517 semper
462 3455 563 3516 precari
570 3455 625 3501 ani·
672 3469 728 3502 mos
741 3461 767 3502 et
779 3468 851 3502 caros
866 3451 961 3503 amieos
975 3451 1090 3520 designat
1104 3470 1110 3503 τ
1123 3450 1175 3502 suit

120 3544 168 3577 me.
187 3523 280 3593 Quam
295 3546 353 3580 rem
369 3546 472 3594 semper
490 3536 579 3578 mente
599 3535 625 3576 et
672 3527 744 3580 enim
766 3526 875 3599 Pylades
897 3527 1012 3596 Strophii
1035 3527 1174 3580 Phocensis

120 3601 201 3656 eorde
210 3622 282 3666 oras;
295 3617 325 3657 ut
335 3604 528 3672 scilieetprobes
537 3602 625 3655 omnia
672 3604 747 3657 filius.

121 3695 167 3738 tua
177 3685 245 3738 facta
258 3682 409 3737 Caesaribus.
705 3684 744 3736 26.
756 3685 860 3750 AEgt'doe.
869 3682 979 3747 Thesei,
996 3681 1039 3750 qni
1048 3680 1115 3734 filius
1126 3681 1175 3738 suit

157 3765 195 3815 18.
205 3765 350 3814 Cesaribus.
361 3762 491 3829 Augusto,
501 3760 624 3828 Tiberio,
672 3763 766 3831 AEgei,
783 3774 810 3816 et
823 3763 933 3816 Pirithoi
948 3761 1121 3815 amicissimus.

121 3840 228 3906 Druso,
244 3859 273 3893 ac
282 3839 387 3892 caeteris.
706 3843 744 3893 28.
752 3842 1003 3908 luquommplausus.
1014 3840 1045 3890 In
1058 3858 1171 3907 quornm

156 3919 197 3971 23.
218 3921 298 3984 Turpe
306 3922 377 3986 sequi
383 3935 476 3969 casum.
488 3915 624 3969 Distichon
672 3915 786 3970 letitiam
799 3928 825 3969 et
836 3915 942 3967 favores.
956 3943 988 3952 -
1003 3917 1067 3968 Tota
1077 3919 1175 3970 mentre

125 3997 264 4052 Ovidianae
278 4013 351 4048 vente
361 3994 398 4047 nit
408 3993 485 4046 habet
498 4013 504 4046 :
516 3993 626 4061 proser-
673 3993 838 4045 sonantTota
846 3991 945 4043 theatra
954 4003 1174 4062 resonant,quum

124 4084 189 4129 tuna
199 4078 294 4134 cedere,
309 4072 417 4141 Argent.
429 4072 565 4125 Sarrav.et
575 4082 625 4125 tres
674 4070 706 4123 de
725 4069 773 4124 ittis
789 4069 918 4140 tragoediae
936 4071 1085 4141 composite
1103 4067 1174 4127 reci-⁵

126 4149 625 4220 alii,fhduuaeaccedere.H.-Decasu,
674 4158 771 4201 tantur.
