<?xml version="1.0" encoding="UTF-8"?>
<!DOCTYPE html PUBLIC "-//W3C//DTD XHTML 1.0 Transitional//EN"
    "http://www.w3.org/TR/xhtml1/DTD/xhtml1-transitional.dtd">
<html xmlns="http://www.w3.org/1999/xhtml" xml:lang="en" lang="en">
 <head>
  <title>
</title>
<meta http-equiv="Content-Type" content="text/html;charset=utf-8" />
  <meta name='ocr-system' content='tesseract 3.04.00' />
  <meta name='ocr-capabilities' content='ocr_page ocr_carea ocr_par ocr_line ocrx_word'/>
</head>
<body>
  <div class='ocr_page' id='page_1' title='image "bibliothecaclas31lemagoog_0459.png"; bbox 0 0 2624 4816; ppageno 0'>
   <div class='ocr_carea' id='block_1_1' title="bbox 114 412 901 499">
    <p class='ocr_par' dir='ltr' id='par_1_1' title="bbox 114 412 901 499">
     <span class='ocr_line' id='line_1_1' title="bbox 114 412 901 499; baseline 0.015 -20"><span class='ocrx_word' id='word_1_1' title='bbox 114 412 180 499; x_wconf 67' lang='lat'>440</span> <span class='ocrx_word' id='word_1_2' title='bbox 395 417 433 482; x_wconf 81' lang='lat' dir='ltr'>r.</span> <span class='ocrx_word' id='word_1_3' title='bbox 463 417 901 491; x_wconf 75' lang='lat' dir='ltr'>ov1n11nnsouls</span> 
     </span>
    </p>
   </div>
   <div class='ocr_carea' id='block_1_2' title="bbox 40 550 1204 2401">
    <p class='ocr_par' dir='ltr' id='par_1_2' title="bbox 113 550 953 663">
     <span class='ocr_line' id='line_1_2' title="bbox 113 550 953 663; baseline 0.018 -40"><span class='ocrx_word' id='word_1_4' title='bbox 113 550 250 654; x_wconf 86' lang='lat' dir='ltr'>Spicula</span> <span class='ocrx_word' id='word_1_5' title='bbox 267 581 341 626; x_wconf 90' lang='lat' dir='ltr'>cum</span> <span class='ocrx_word' id='word_1_6' title='bbox 358 555 459 654; x_wconf 90' lang='lat' dir='ltr'>pictis</span> <span class='ocrx_word' id='word_1_7' title='bbox 476 555 600 629; x_wconf 85' lang='lat' dir='ltr'>baerent</span> <span class='ocrx_word' id='word_1_8' title='bbox 617 557 653 631; x_wconf 91' lang='lat' dir='ltr'>in</span> <span class='ocrx_word' id='word_1_9' title='bbox 670 559 795 635; x_wconf 81' lang='lat' dir='ltr'>casside</span> <span class='ocrx_word' id='word_1_10' title='bbox 813 563 953 663; x_wconf 88' lang='lat' dir='ltr'>pennis;</span> 
     </span>
    </p>

    <p class='ocr_par' dir='ltr' id='par_1_3' title="bbox 132 670 873 771">
     <span class='ocr_line' id='line_1_3' title="bbox 132 670 873 771; baseline 0.02 -35"><span class='ocrx_word' id='word_1_11' title='bbox 132 723 136 736; x_wconf 87' lang='lat'><em>.</em></span> <span class='ocrx_word' id='word_1_12' title='bbox 163 670 310 771; x_wconf 84' lang='lat' dir='ltr'>Parsque</span> <span class='ocrx_word' id='word_1_13' title='bbox 327 670 395 744; x_wconf 82' lang='lat' dir='ltr'>fere</span> <span class='ocrx_word' id='word_1_14' title='bbox 413 671 498 746; x_wconf 92' lang='lat' dir='ltr'>scuti</span> <span class='ocrx_word' id='word_1_15' title='bbox 515 671 650 746; x_wconf 88' lang='lat' dir='ltr'>vnlnere</span> <span class='ocrx_word' id='word_1_16' title='bbox 666 673 757 747; x_wconf 89' lang='lat' dir='ltr'>nulla</span> <span class='ocrx_word' id='word_1_17' title='bbox 771 695 873 751; x_wconf 88' lang='lat' dir='ltr'>vacat.</span> 
     </span>
    </p>

    <p class='ocr_par' dir='ltr' id='par_1_4' title="bbox 112 786 890 981">
     <span class='ocr_line' id='line_1_4' title="bbox 112 786 890 887; baseline 0.012 -28"><span class='ocrx_word' id='word_1_18' title='bbox 112 786 182 859; x_wconf 87' lang='lat' dir='ltr'>Nec</span> <span class='ocrx_word' id='word_1_19' title='bbox 200 813 323 885; x_wconf 90' lang='lat' dir='ltr'>corpus</span> <span class='ocrx_word' id='word_1_20' title='bbox 341 803 478 860; x_wconf 90' lang='lat' dir='ltr'>cunctos</span> <span class='ocrx_word' id='word_1_21' title='bbox 495 786 635 863; x_wconf 83' lang='lat' dir='ltr'><strong>feliciter</strong></span> <span class='ocrx_word' id='word_1_22' title='bbox 651 789 769 887; x_wconf 81' lang='lat' dir='ltr'>effugit</span> <span class='ocrx_word' id='word_1_23' title='bbox 785 792 890 882; x_wconf 82' lang='lat' dir='ltr'>ictus3</span> 
     </span>
     <span class='ocr_line' id='line_1_5' title="bbox 163 898 886 981; baseline 0.01 -7"><span class='ocrx_word' id='word_1_24' title='bbox 163 898 229 974; x_wconf 90' lang='lat' dir='ltr'>Sed</span> <span class='ocrx_word' id='word_1_25' title='bbox 247 899 358 973; x_wconf 89' lang='lat' dir='ltr'>minor</span> <span class='ocrx_word' id='word_1_26' title='bbox 374 917 425 974; x_wconf 87' lang='lat' dir='ltr'>est</span> <span class='ocrx_word' id='word_1_27' title='bbox 443 903 509 975; x_wconf 89' lang='lat' dir='ltr'>acri</span> <span class='ocrx_word' id='word_1_28' title='bbox 526 901 634 978; x_wconf 88' lang='lat' dir='ltr'>laudis</span> <span class='ocrx_word' id='word_1_29' title='bbox 650 935 761 980; x_wconf 83' lang='lat' dir='ltr'>amore</span> <span class='ocrx_word' id='word_1_30' title='bbox 779 906 886 981; x_wconf 90' lang='lat' dir='ltr'>dolor.</span> 
     </span>
    </p>

    <p class='ocr_par' dir='ltr' id='par_1_5' title="bbox 112 1014 940 1214">
     <span class='ocr_line' id='line_1_6' title="bbox 112 1014 940 1124; baseline 0.012 -36"><span class='ocrx_word' id='word_1_31' title='bbox 112 1014 204 1089; x_wconf 88' lang='lat' dir='ltr'>Talis</span> <span class='ocrx_word' id='word_1_32' title='bbox 221 1014 310 1115; x_wconf 91' lang='lat' dir='ltr'>apud</span> <span class='ocrx_word' id='word_1_33' title='bbox 323 1017 456 1114; x_wconf 87' lang='lat' dir='ltr'>Trojam</span> <span class='ocrx_word' id='word_1_34' title='bbox 473 1019 597 1094; x_wconf 83' lang='lat' dir='ltr'>Danais</span> <span class='ocrx_word' id='word_1_35' title='bbox 616 1050 677 1124; x_wconf 92' lang='lat' dir='ltr'>pro</span> <span class='ocrx_word' id='word_1_36' title='bbox 693 1024 940 1124; x_wconf 82' lang='lat' dir='ltr'>navibus.Ajax</span> 
     </span>
     <span class='ocr_line' id='line_1_7' title="bbox 163 1131 822 1214; baseline 0.015 -12"><span class='ocrx_word' id='word_1_37' title='bbox 163 1131 297 1206; x_wconf 86' lang='lat' dir='ltr'>Dicitur</span> <span class='ocrx_word' id='word_1_38' title='bbox 312 1135 495 1209; x_wconf 87' lang='lat' dir='ltr'>Hectoreas</span> <span class='ocrx_word' id='word_1_39' title='bbox 513 1138 709 1213; x_wconf 84' lang='lat' dir='ltr'>sustinuisse</span> <span class='ocrx_word' id='word_1_40' title='bbox 725 1139 822 1214; x_wconf 84' lang='lat' dir='ltr'>faces.</span> 
     </span>
    </p>

    <p class='ocr_par' dir='ltr' id='par_1_6' title="bbox 113 1250 1122 1467">
     <span class='ocr_line' id='line_1_8' title="bbox 113 1250 1122 1357; baseline 0.012 -36"><span class='ocrx_word' id='word_1_41' title='bbox 113 1251 162 1321; x_wconf 88' lang='lat' dir='ltr'>Ut</span> <span class='ocrx_word' id='word_1_42' title='bbox 177 1250 318 1351; x_wconf 90' lang='lat' dir='ltr'>propius</span> <span class='ocrx_word' id='word_1_43' title='bbox 335 1270 469 1327; x_wconf 89' lang='lat' dir='ltr'>ventum</span> <span class='ocrx_word' id='word_1_44' title='bbox 485 1272 553 1342; x_wconf 91' lang='lat' dir='ltr'>est,</span> <span class='ocrx_word' id='word_1_45' title='bbox 573 1256 813 1357; x_wconf 90' lang='lat' dir='ltr'>commissaque</span> <span class='ocrx_word' id='word_1_46' title='bbox 831 1258 965 1333; x_wconf 86' lang='lat' dir='ltr'>dextera</span> <span class='ocrx_word' id='word_1_47' title='bbox 986 1260 1122 1348; x_wconf 84' lang='lat' dir='ltr'>dextra,</span> 
     </span>
     <span class='ocr_line' id='line_1_9' title="bbox 163 1364 880 1467; baseline 0.007 -31"><span class='ocrx_word' id='word_1_48' title='bbox 163 1365 298 1465; x_wconf 85' lang='lat' dir='ltr'>Resque</span> <span class='ocrx_word' id='word_1_49' title='bbox 311 1364 382 1440; x_wconf 86' lang='lat' dir='ltr'>fero</span> <span class='ocrx_word' id='word_1_50' title='bbox 399 1367 510 1467; x_wconf 89' lang='lat' dir='ltr'>potuit</span> <span class='ocrx_word' id='word_1_51' title='bbox 526 1369 678 1442; x_wconf 87' lang='lat' dir='ltr'>cominus</span> <span class='ocrx_word' id='word_1_52' title='bbox 695 1399 772 1444; x_wconf 88' lang='lat' dir='ltr'>ense</span> <span class='ocrx_word' id='word_1_53' title='bbox 783 1370 880 1466; x_wconf 81' lang='lat' dir='ltr'>&#39;geri3</span> 
     </span>
    </p>

    <p class='ocr_par' dir='ltr' id='par_1_7' title="bbox 114 1476 1204 1705">
     <span class='ocr_line' id='line_1_10' title="bbox 114 1476 1168 1581; baseline 0.008 -33"><span class='ocrx_word' id='word_1_54' title='bbox 114 1476 233 1552; x_wconf 87' lang='lat' dir='ltr'>Dicere</span> <span class='ocrx_word' id='word_1_55' title='bbox 252 1478 383 1552; x_wconf 90' lang='lat' dir='ltr'>difficile</span> <span class='ocrx_word' id='word_1_56' title='bbox 400 1498 467 1567; x_wconf 88' lang='lat' dir='ltr'>est,</span> <span class='ocrx_word' id='word_1_57' title='bbox 487 1481 569 1581; x_wconf 93' lang='lat' dir='ltr'>quid</span> <span class='ocrx_word' id='word_1_58' title='bbox 585 1485 678 1556; x_wconf 87' lang='lat' dir='ltr'>Mars</span> <span class='ocrx_word' id='word_1_59' title='bbox 696 1502 776 1558; x_wconf 87' lang='lat' dir='ltr'>tuus</span> <span class='ocrx_word' id='word_1_60' title='bbox 791 1484 895 1581; x_wconf 84' lang='lat' dir='ltr'>egerit</span> <span class='ocrx_word' id='word_1_61' title='bbox 909 1484 998 1575; x_wconf 89' lang='lat' dir='ltr'>illic,</span> <span class='ocrx_word' id='word_1_62' title='bbox 1144 1504 1168 1574; x_wconf 71' lang='lat'>45</span> 
     </span>
     <span class='ocr_line' id='line_1_11' title="bbox 166 1595 1204 1705; baseline 0.009 -37"><span class='ocrx_word' id='word_1_63' title='bbox 166 1595 327 1696; x_wconf 81' lang='lat' dir='ltr'>Quotque</span> <span class='ocrx_word' id='word_1_64' title='bbox 344 1597 417 1670; x_wconf 87' lang='lat' dir='ltr'>neci</span> <span class='ocrx_word' id='word_1_65' title='bbox 435 1597 581 1686; x_wconf 82' lang='lat' dir='ltr'>dederis,</span> <span class='ocrx_word' id='word_1_66' title='bbox 601 1628 767 1700; x_wconf 88' lang='lat' dir='ltr'>quosque,</span> <span class='ocrx_word' id='word_1_67' title='bbox 787 1601 978 1705; x_wconf 89' lang='lat' dir='ltr'>quibusque</span> <span class='ocrx_word' id='word_1_68' title='bbox 995 1603 1111 1677; x_wconf 91' lang='lat' dir='ltr'>modis.</span> <span class='ocrx_word' id='word_1_69' title='bbox 1202 1629 1204 1638; x_wconf 92' lang='grc'><strong><em>·</em></strong></span> 
     </span>
    </p>

    <p class='ocr_par' dir='ltr' id='par_1_8' title="bbox 40 1710 931 1931">
     <span class='ocr_line' id='line_1_12' title="bbox 40 1710 864 1805; baseline 0.018 -30"><span class='ocrx_word' id='word_1_70' title='bbox 40 1771 42 1774; x_wconf 77' lang='grc'>,</span> <span class='ocrx_word' id='word_1_71' title='bbox 116 1710 206 1782; x_wconf 87' lang='lat' dir='ltr'>Ense</span> <span class='ocrx_word' id='word_1_72' title='bbox 223 1727 281 1783; x_wconf 91' lang='lat' dir='ltr'>tuo</span> <span class='ocrx_word' id='word_1_73' title='bbox 298 1712 404 1785; x_wconf 85' lang='lat' dir='ltr'>suctos</span> <span class='ocrx_word' id='word_1_74' title='bbox 421 1711 570 1787; x_wconf 78' lang='lat' dir='ltr'>calcabas</span> <span class='ocrx_word' id='word_1_75' title='bbox 590 1714 696 1787; x_wconf 87' lang='lat' dir='ltr'>victor</span> <span class='ocrx_word' id='word_1_76' title='bbox 712 1742 864 1805; x_wconf 87' lang='lat' dir='ltr'>acervos;</span> 
     </span>
     <span class='ocr_line' id='line_1_13' title="bbox 166 1828 931 1931; baseline 0.01 -33"><span class='ocrx_word' id='word_1_77' title='bbox 166 1828 395 1930; x_wconf 90' lang='lat' dir='ltr'>Impositoque</span> <span class='ocrx_word' id='word_1_78' title='bbox 415 1831 514 1904; x_wconf 88' lang='lat' dir='ltr'>Getes</span> <span class='ocrx_word' id='word_1_79' title='bbox 532 1831 595 1904; x_wconf 92' lang='lat' dir='ltr'>sub</span> <span class='ocrx_word' id='word_1_80' title='bbox 611 1833 694 1931; x_wconf 88' lang='lat' dir='ltr'>pede</span> <span class='ocrx_word' id='word_1_81' title='bbox 710 1832 836 1908; x_wconf 90' lang='lat' dir='ltr'>multus</span> <span class='ocrx_word' id='word_1_82' title='bbox 852 1851 931 1908; x_wconf 90' lang='lat' dir='ltr'>erat.</span> 
     </span>
    </p>

    <p class='ocr_par' dir='ltr' id='par_1_9' title="bbox 115 1945 980 2164">
     <span class='ocr_line' id='line_1_14' title="bbox 115 1945 980 2049; baseline 0.01 -33"><span class='ocrx_word' id='word_1_83' title='bbox 115 1945 248 2039; x_wconf 82' lang='lat' dir='ltr'>Pugnat</span> <span class='ocrx_word' id='word_1_84' title='bbox 263 1947 303 2018; x_wconf 93' lang='lat' dir='ltr'>ad</span> <span class='ocrx_word' id='word_1_85' title='bbox 320 1947 504 2049; x_wconf 88' lang='lat' dir='ltr'>exemplum</span> <span class='ocrx_word' id='word_1_86' title='bbox 519 1950 621 2022; x_wconf 89' lang='lat' dir='ltr'>Primi</span> <span class='ocrx_word' id='word_1_87' title='bbox 639 1952 749 2024; x_wconf 90' lang='lat' dir='ltr'>minor</span> <span class='ocrx_word' id='word_1_88' title='bbox 767 1951 881 2025; x_wconf 89' lang='lat' dir='ltr'>ordine</span> <span class='ocrx_word' id='word_1_89' title='bbox 895 1950 980 2038; x_wconf 88' lang='lat' dir='ltr'>Pili;</span> 
     </span>
     <span class='ocr_line' id='line_1_15' title="bbox 167 2062 930 2164; baseline 0.003 -28"><span class='ocrx_word' id='word_1_90' title='bbox 167 2062 344 2164; x_wconf 87' lang='lat' dir='ltr'>Multaque</span> <span class='ocrx_word' id='word_1_91' title='bbox 359 2064 422 2137; x_wconf 88' lang='lat' dir='ltr'>sert</span> <span class='ocrx_word' id='word_1_92' title='bbox 439 2064 532 2138; x_wconf 89' lang='lat' dir='ltr'>miles</span> <span class='ocrx_word' id='word_1_93' title='bbox 548 2065 702 2155; x_wconf 87' lang='lat' dir='ltr'>vulnera,</span> <span class='ocrx_word' id='word_1_94' title='bbox 722 2066 825 2140; x_wconf 87' lang='lat' dir='ltr'>multa</span> <span class='ocrx_word' id='word_1_95' title='bbox 841 2067 930 2140; x_wconf 91' lang='lat' dir='ltr'>sacit.</span> 
     </span>
    </p>

    <p class='ocr_par' dir='ltr' id='par_1_10' title="bbox 117 2181 937 2401">
     <span class='ocr_line' id='line_1_16' title="bbox 117 2181 937 2281; baseline 0.002 -27"><span class='ocrx_word' id='word_1_96' title='bbox 117 2181 183 2254; x_wconf 88' lang='lat' dir='ltr'>Sed</span> <span class='ocrx_word' id='word_1_97' title='bbox 200 2198 328 2255; x_wconf 88' lang='lat' dir='ltr'>tantum</span> <span class='ocrx_word' id='word_1_98' title='bbox 344 2182 449 2256; x_wconf 89' lang='lat' dir='ltr'>virtus</span> <span class='ocrx_word' id='word_1_99' title='bbox 466 2182 549 2256; x_wconf 89' lang='lat' dir='ltr'>alios</span> <span class='ocrx_word' id='word_1_100' title='bbox 567 2201 623 2255; x_wconf 89' lang='lat' dir='ltr'>tua</span> <span class='ocrx_word' id='word_1_101' title='bbox 639 2182 784 2281; x_wconf 80' lang='lat' dir='ltr'>praterit</span> <span class='ocrx_word' id='word_1_102' title='bbox 802 2209 937 2271; x_wconf 88' lang='lat' dir='ltr'>omnes,</span> 
     </span>
     <span class='ocr_line' id='line_1_17' title="bbox 166 2299 916 2401; baseline 0 -29"><span class='ocrx_word' id='word_1_103' title='bbox 166 2301 255 2373; x_wconf 87' lang='lat' dir='ltr'>Ante</span> <span class='ocrx_word' id='word_1_104' title='bbox 274 2302 359 2374; x_wconf 89' lang='lat' dir='ltr'>citos</span> <span class='ocrx_word' id='word_1_105' title='bbox 375 2317 536 2401; x_wconf 80' lang='lat' dir='ltr'>quantum</span> <span class='ocrx_word' id='word_1_106' title='bbox 553 2301 699 2395; x_wconf 82' lang='lat' dir='ltr'>Pegasus</span> <span class='ocrx_word' id='word_1_107' title='bbox 716 2299 785 2373; x_wconf 88' lang='lat' dir='ltr'>ibat</span> <span class='ocrx_word' id='word_1_108' title='bbox 802 2328 916 2400; x_wconf 83' lang='lat' dir='ltr'>equos.</span> 
     </span>
    </p>
   </div>
   <div class='ocr_carea' id='block_1_3' title="bbox 118 2415 999 2617">
    <p class='ocr_par' dir='ltr' id='par_1_11' title="bbox 118 2415 999 2617">
     <span class='ocr_line' id='line_1_18' title="bbox 118 2415 999 2516; baseline 0 -28"><span class='ocrx_word' id='word_1_109' title='bbox 118 2415 272 2490; x_wconf 85' lang='lat' dir='ltr'>Vincitur</span> <span class='ocrx_word' id='word_1_110' title='bbox 288 2418 456 2516; x_wconf 75' lang='lat' dir='ltr'>AEgypsos</span> <span class='ocrx_word' id='word_1_111' title='bbox 474 2444 481 2486; x_wconf 76' lang='grc' dir='ltr'><strong><em>ε</em></strong></span> <span class='ocrx_word' id='word_1_112' title='bbox 500 2432 684 2513; x_wconf 80' lang='lat' dir='ltr'>testataque</span> <span class='ocrx_word' id='word_1_113' title='bbox 703 2432 833 2515; x_wconf 88' lang='lat' dir='ltr'>tempus</span> <span class='ocrx_word' id='word_1_114' title='bbox 851 2416 884 2487; x_wconf 93' lang='lat' dir='ltr'>in</span> <span class='ocrx_word' id='word_1_115' title='bbox 901 2443 999 2488; x_wconf 87' lang='lat' dir='ltr'>omne</span> 
     </span>
     <span class='ocr_line' id='line_1_19' title="bbox 167 2527 883 2617; baseline -0.004 -15"><span class='ocrx_word' id='word_1_116' title='bbox 167 2530 255 2603; x_wconf 87' lang='lat' dir='ltr'>Sunt</span> <span class='ocrx_word' id='word_1_117' title='bbox 272 2545 346 2616; x_wconf 88' lang='lat' dir='ltr'>tua,</span> <span class='ocrx_word' id='word_1_118' title='bbox 364 2527 527 2617; x_wconf 82' lang='lat' dir='ltr'>Vestalis,</span> <span class='ocrx_word' id='word_1_119' title='bbox 543 2527 686 2601; x_wconf 85' lang='lat' dir='ltr'>carmine</span> <span class='ocrx_word' id='word_1_120' title='bbox 697 2527 783 2617; x_wconf 85' lang='lat' dir='ltr'>facta</span> <span class='ocrx_word' id='word_1_121' title='bbox 799 2555 883 2601; x_wconf 85' lang='lat' dir='ltr'>meo.</span> 
     </span>
    </p>
   </div>
   <div class='ocr_carea' id='block_1_4' title="bbox 120 2699 1182 3314">
    <p class='ocr_par' dir='ltr' id='par_1_12' title="bbox 120 2699 1180 3084">
     <span class='ocr_line' id='line_1_20' title="bbox 153 2699 1177 2770; baseline 0 -16"><span class='ocrx_word' id='word_1_122' title='bbox 153 2703 194 2770; x_wconf 82' lang='lat'>37.</span> <span class='ocrx_word' id='word_1_123' title='bbox 212 2703 322 2768; x_wconf 80' lang='lat' dir='ltr'>Spicula.</span> <span class='ocrx_word' id='word_1_124' title='bbox 337 2701 418 2766; x_wconf 84' lang='lat' dir='ltr'>Tela,</span> <span class='ocrx_word' id='word_1_125' title='bbox 436 2712 463 2754; x_wconf 85' lang='lat' dir='ltr'>et</span> <span class='ocrx_word' id='word_1_126' title='bbox 482 2703 629 2769; x_wconf 54' lang='lat' dir='ltr'>sagitta-</span> <span class='ocrx_word' id='word_1_127' title='bbox 680 2699 798 2769; x_wconf 80' lang='lat' dir='ltr'>Protegit</span> <span class='ocrx_word' id='word_1_128' title='bbox 811 2710 849 2752; x_wconf 85' lang='lat' dir='ltr'>ast</span> <span class='ocrx_word' id='word_1_129' title='bbox 862 2699 929 2768; x_wconf 76' lang='lat' dir='ltr'>Aiax</span> <span class='ocrx_word' id='word_1_130' title='bbox 942 2711 1050 2768; x_wconf 85' lang='lat' dir='ltr'>pectore</span> <span class='ocrx_word' id='word_1_131' title='bbox 1063 2701 1132 2754; x_wconf 86' lang='lat' dir='ltr'>mille</span> <span class='ocrx_word' id='word_1_132' title='bbox 1142 2722 1177 2754; x_wconf 86' lang='lat' dir='ltr'>ra·</span> 
     </span>
     <span class='ocr_line' id='line_1_21' title="bbox 123 2775 1178 2850; baseline -0.004 -16"><span class='ocrx_word' id='word_1_133' title='bbox 123 2784 367 2850; x_wconf 67' lang='lat' dir='ltr'>Campennrlcpictr‘s.</span> <span class='ocrx_word' id='word_1_134' title='bbox 376 2779 446 2832; x_wconf 89' lang='lat' dir='ltr'>Cum</span> <span class='ocrx_word' id='word_1_135' title='bbox 456 2781 550 2849; x_wconf 87' lang='lat' dir='ltr'>pennis</span> <span class='ocrx_word' id='word_1_136' title='bbox 556 2782 629 2849; x_wconf 83' lang='lat' dir='ltr'>sagit·</span> <span class='ocrx_word' id='word_1_137' title='bbox 678 2789 725 2830; x_wconf 85' lang='lat' dir='ltr'>tes.</span> <span class='ocrx_word' id='word_1_138' title='bbox 734 2801 746 2823; x_wconf 75' lang='lat' dir='ltr'>a</span> <span class='ocrx_word' id='word_1_139' title='bbox 756 2779 791 2831; x_wconf 92' lang='lat' dir='ltr'>Et</span> <span class='ocrx_word' id='word_1_140' title='bbox 798 2778 825 2830; x_wconf 92' lang='lat' dir='ltr'>in</span> <span class='ocrx_word' id='word_1_141' title='bbox 835 2775 1091 2846; x_wconf 78' lang='lat' dir='ltr'>Tragicisap.Scriv.</span> <span class='ocrx_word' id='word_1_142' title='bbox 1100 2779 1178 2832; x_wconf 81' lang='lat' dir='ltr'>«Nam</span> 
     </span>
     <span class='ocr_line' id='line_1_22' title="bbox 121 2853 1179 2928; baseline -0.005 -16"><span class='ocrx_word' id='word_1_143' title='bbox 121 2870 208 2913; x_wconf 89' lang='lat' dir='ltr'>tarum</span> <span class='ocrx_word' id='word_1_144' title='bbox 217 2858 628 2928; x_wconf 64' lang='lat' dir='ltr'>puniceis.Solenteuimpennu,</span> <span class='ocrx_word' id='word_1_145' title='bbox 678 2853 1083 2921; x_wconf 79' lang='lat' dir='ltr'>facinustecitmaximum,cum</span> <span class='ocrx_word' id='word_1_146' title='bbox 1092 2855 1179 2908; x_wconf 86' lang='lat' dir='ltr'>Danais</span> 
     </span>
     <span class='ocr_line' id='line_1_23' title="bbox 120 2930 1179 3006; baseline -0.003 -16"><span class='ocrx_word' id='word_1_147' title='bbox 120 2957 178 3006; x_wconf 82' lang='lat' dir='ltr'>qnae</span> <span class='ocrx_word' id='word_1_148' title='bbox 187 2936 284 3005; x_wconf 79' lang='lat' dir='ltr'>sagittis</span> <span class='ocrx_word' id='word_1_149' title='bbox 292 2946 480 3001; x_wconf 88' lang='lat' dir='ltr'>annectuntur,</span> <span class='ocrx_word' id='word_1_150' title='bbox 490 2934 576 3004; x_wconf 86' lang='lat' dir='ltr'>aliquo</span> <span class='ocrx_word' id='word_1_151' title='bbox 584 2956 631 2991; x_wconf 90' lang='lat' dir='ltr'>co·</span> <span class='ocrx_word' id='word_1_152' title='bbox 679 2930 865 2983; x_wconf 76' lang='lat' dir='ltr'>inclinantibus</span> <span class='ocrx_word' id='word_1_153' title='bbox 876 2950 1010 2983; x_wconf 83' lang='lat' dir='ltr'>summam</span> <span class='ocrx_word' id='word_1_154' title='bbox 1025 2953 1085 2986; x_wconf 87' lang='lat' dir='ltr'>rem</span> <span class='ocrx_word' id='word_1_155' title='bbox 1095 2932 1179 3002; x_wconf 84' lang='lat' dir='ltr'>perfe-</span> 
     </span>
     <span class='ocr_line' id='line_1_24' title="bbox 120 3008 1180 3084; baseline 0 -17"><span class='ocrx_word' id='word_1_156' title='bbox 120 3015 176 3069; x_wconf 84' lang='lat' dir='ltr'>lore</span> <span class='ocrx_word' id='word_1_157' title='bbox 184 3014 269 3079; x_wconf 74' lang='lat' dir='ltr'>infici,</span> <span class='ocrx_word' id='word_1_158' title='bbox 279 3025 307 3066; x_wconf 89' lang='lat' dir='ltr'>ut</span> <span class='ocrx_word' id='word_1_159' title='bbox 315 3015 454 3068; x_wconf 84' lang='lat' dir='ltr'>videantur</span> <span class='ocrx_word' id='word_1_160' title='bbox 461 3015 629 3084; x_wconf 83' lang='lat' dir='ltr'>pulchriores.</span> <span class='ocrx_word' id='word_1_161' title='bbox 679 3009 816 3062; x_wconf 69' lang='lat' dir='ltr'>ciimnnun</span> <span class='ocrx_word' id='word_1_162' title='bbox 826 3028 833 3061; x_wconf 89' lang='lat'>:</span> <span class='ocrx_word' id='word_1_163' title='bbox 844 3008 965 3076; x_wconf 57' lang='lat' dir='ltr'>prelium</span> <span class='ocrx_word' id='word_1_164' title='bbox 973 3010 1105 3079; x_wconf 79' lang='lat' dir='ltr'>restituit,</span> <span class='ocrx_word' id='word_1_165' title='bbox 1112 3029 1180 3064; x_wconf 67' lang='lat' dir='ltr'>navet</span> 
     </span>
    </p>

    <p class='ocr_par' dir='ltr' id='par_1_13' title="bbox 121 3087 1181 3240">
     <span class='ocr_line' id='line_1_25' title="bbox 151 3087 825 3160; baseline -0.007 -18"><span class='ocrx_word' id='word_1_166' title='bbox 151 3090 630 3160; x_wconf 80' lang='lat' dir='ltr'>38.Vacutvuluere.Quemadmodum</span> <span class='ocrx_word' id='word_1_167' title='bbox 679 3087 825 3140; x_wconf 80' lang='lat' dir='ltr'>servavit»</span> 
     </span>
     <span class='ocr_line' id='line_1_26' title="bbox 121 3165 1181 3240; baseline 0.001 -20"><span class='ocrx_word' id='word_1_168' title='bbox 121 3168 156 3234; x_wconf 82' lang='lat' dir='ltr'>de</span> <span class='ocrx_word' id='word_1_169' title='bbox 167 3167 256 3220; x_wconf 81' lang='lat' dir='ltr'>Scaeva</span> <span class='ocrx_word' id='word_1_170' title='bbox 266 3165 310 3217; x_wconf 92' lang='lat' dir='ltr'>illo</span> <span class='ocrx_word' id='word_1_171' title='bbox 322 3167 472 3220; x_wconf 80' lang='lat' dir='ltr'>Caesariano</span> <span class='ocrx_word' id='word_1_172' title='bbox 480 3167 597 3237; x_wconf 85' lang='lat' dir='ltr'>legimus.</span> <span class='ocrx_word' id='word_1_173' title='bbox 713 3171 752 3240; x_wconf 62' lang='lat'>49</span> <span class='ocrx_word' id='word_1_174' title='bbox 769 3169 861 3220; x_wconf 74' lang='lat' dir='ltr'>Minm.</span> <span class='ocrx_word' id='word_1_175' title='bbox 875 3166 1008 3220; x_wconf 85' lang='lat' dir='ltr'>Centurio</span> <span class='ocrx_word' id='word_1_176' title='bbox 1018 3169 1064 3237; x_wconf 90' lang='lat' dir='ltr'>qui</span> <span class='ocrx_word' id='word_1_177' title='bbox 1076 3177 1132 3223; x_wconf 85' lang='lat' dir='ltr'>crat</span> <span class='ocrx_word' id='word_1_178' title='bbox 1141 3169 1181 3222; x_wconf 89' lang='lat' dir='ltr'>sub</span> 
     </span>
    </p>

    <p class='ocr_par' dir='ltr' id='par_1_14' title="bbox 156 3244 1182 3314">
     <span class='ocr_line' id='line_1_27' title="bbox 156 3244 1182 3314; baseline -0.002 -14"><span class='ocrx_word' id='word_1_179' title='bbox 156 3250 196 3314; x_wconf 75' lang='lat'>4¹·</span> <span class='ocrx_word' id='word_1_180' title='bbox 205 3249 278 3298; x_wconf 83' lang='lat' dir='ltr'>Talis</span> <span class='ocrx_word' id='word_1_181' title='bbox 286 3249 357 3312; x_wconf 77' lang='lat' dir='ltr'>apud</span> <span class='ocrx_word' id='word_1_182' title='bbox 364 3247 475 3314; x_wconf 71' lang='lat' dir='ltr'>Ttaliam.</span> <span class='ocrx_word' id='word_1_183' title='bbox 484 3248 586 3301; x_wconf 90' lang='lat' dir='ltr'>Notum</span> <span class='ocrx_word' id='word_1_184' title='bbox 592 3256 631 3300; x_wconf 89' lang='lat' dir='ltr'>est</span> <span class='ocrx_word' id='word_1_185' title='bbox 680 3245 824 3314; x_wconf 83' lang='lat' dir='ltr'>primipilo:</span> <span class='ocrx_word' id='word_1_186' title='bbox 831 3245 858 3298; x_wconf 94' lang='lat' dir='ltr'>id</span> <span class='ocrx_word' id='word_1_187' title='bbox 865 3255 904 3298; x_wconf 89' lang='lat' dir='ltr'>est</span> <span class='ocrx_word' id='word_1_188' title='bbox 912 3284 920 3309; x_wconf 92' lang='lat'>,</span> <span class='ocrx_word' id='word_1_189' title='bbox 928 3247 977 3298; x_wconf 88' lang='lat' dir='ltr'>sub</span> <span class='ocrx_word' id='word_1_190' title='bbox 985 3244 1093 3300; x_wconf 82' lang='lat' dir='ltr'>Vestale</span> <span class='ocrx_word' id='word_1_191' title='bbox 1103 3248 1182 3300; x_wconf 89' lang='lat' dir='ltr'>miuo-</span> 
     </span>
    </p>
   </div>
   <div class='ocr_carea' id='block_1_5' title="bbox 37 3322 1181 3392">
    <p class='ocr_par' dir='ltr' id='par_1_15' title="bbox 37 3322 1181 3392">
     <span class='ocr_line' id='line_1_28' title="bbox 37 3322 1181 3392; baseline -0.004 -11"><span class='ocrx_word' id='word_1_192' title='bbox 37 3341 39 3346; x_wconf 85' lang='lat'>&#39;</span> <span class='ocrx_word' id='word_1_193' title='bbox 121 3345 201 3381; x_wconf 82' lang='lat' dir='ltr'>naves</span> <span class='ocrx_word' id='word_1_194' title='bbox 211 3323 365 3377; x_wconf 74' lang='lat' dir='ltr'>Graecorum</span> <span class='ocrx_word' id='word_1_195' title='bbox 376 3323 495 3376; x_wconf 79' lang='lat' dir='ltr'>defensas</span> <span class='ocrx_word' id='word_1_196' title='bbox 508 3323 585 3379; x_wconf 81' lang='lat' dir='ltr'>fuisse</span> <span class='ocrx_word' id='word_1_197' title='bbox 598 3324 630 3377; x_wconf 90' lang='lat' dir='ltr'>ab</span> <span class='ocrx_word' id='word_1_198' title='bbox 677 3325 715 3376; x_wconf 84' lang='lat' dir='ltr'>ris</span> <span class='ocrx_word' id='word_1_199' title='bbox 724 3322 1181 3392; x_wconf 66' lang='lat' dir='ltr'>dignitatis-Pugnatadexemplnu</span> 
     </span>
    </p>
   </div>
   <div class='ocr_carea' id='block_1_6' title="bbox 122 3398 1182 4016">
    <p class='ocr_par' dir='ltr' id='par_1_16' title="bbox 122 3398 1182 3708">
     <span class='ocr_line' id='line_1_29' title="bbox 124 3398 1182 3476; baseline -0.005 -17"><span class='ocrx_word' id='word_1_200' title='bbox 124 3405 206 3476; x_wconf 80' lang='lat' dir='ltr'>Ajace</span> <span class='ocrx_word' id='word_1_201' title='bbox 226 3412 318 3456; x_wconf 82' lang='lat' dir='ltr'>contra</span> <span class='ocrx_word' id='word_1_202' title='bbox 336 3401 485 3469; x_wconf 76' lang='lat' dir='ltr'>Troianos,</span> <span class='ocrx_word' id='word_1_203' title='bbox 499 3402 543 3469; x_wconf 91' lang='lat' dir='ltr'>qui</span> <span class='ocrx_word' id='word_1_204' title='bbox 564 3401 629 3455; x_wconf 90' lang='lat' dir='ltr'>duce</span> <span class='ocrx_word' id='word_1_205' title='bbox 675 3404 806 3469; x_wconf 66' lang='lat' dir='ltr'>pompili.</span> <span class='ocrx_word' id='word_1_206' title='bbox 818 3399 942 3470; x_wconf 86' lang='lat' dir='ltr'>Videndo</span> <span class='ocrx_word' id='word_1_207' title='bbox 953 3398 1119 3468; x_wconf 87' lang='lat' dir='ltr'>primipilum</span> <span class='ocrx_word' id='word_1_208' title='bbox 1130 3399 1182 3454; x_wconf 81' lang='lat' dir='ltr'>acti·</span> 
     </span>
     <span class='ocr_line' id='line_1_30' title="bbox 122 3475 1181 3550; baseline -0.009 -13"><span class='ocrx_word' id='word_1_209' title='bbox 122 3484 240 3536; x_wconf 85' lang='lat' dir='ltr'>Hectore</span> <span class='ocrx_word' id='word_1_210' title='bbox 255 3480 345 3550; x_wconf 72' lang='lat' dir='ltr'>ignem</span> <span class='ocrx_word' id='word_1_211' title='bbox 364 3478 529 3543; x_wconf 78' lang='lat' dir='ltr'>adtulerunt,</span> <span class='ocrx_word' id='word_1_212' title='bbox 545 3490 575 3532; x_wconf 89' lang='lat' dir='ltr'>ut</span> <span class='ocrx_word' id='word_1_213' title='bbox 588 3498 631 3532; x_wconf 85' lang='lat' dir='ltr'>eas</span> <span class='ocrx_word' id='word_1_214' title='bbox 680 3486 722 3529; x_wconf 88' lang='lat' dir='ltr'>ter</span> <span class='ocrx_word' id='word_1_215' title='bbox 736 3477 763 3530; x_wconf 92' lang='lat' dir='ltr'>in</span> <span class='ocrx_word' id='word_1_216' title='bbox 777 3476 861 3545; x_wconf 90' lang='lat' dir='ltr'>prima</span> <span class='ocrx_word' id='word_1_217' title='bbox 873 3475 927 3528; x_wconf 87' lang='lat' dir='ltr'>acie</span> <span class='ocrx_word' id='word_1_218' title='bbox 940 3494 1080 3544; x_wconf 78' lang='lat' dir='ltr'>pugnare,</span> <span class='ocrx_word' id='word_1_219' title='bbox 1096 3487 1123 3529; x_wconf 87' lang='lat' dir='ltr'>et</span> <span class='ocrx_word' id='word_1_220' title='bbox 1137 3476 1181 3544; x_wconf 77' lang='lat' dir='ltr'>ipss</span> 
     </span>
     <span class='ocr_line' id='line_1_31' title="bbox 124 3552 1182 3626; baseline -0.011 -11"><span class='ocrx_word' id='word_1_221' title='bbox 124 3569 280 3615; x_wconf 85' lang='lat' dir='ltr'>cremarent.</span> <span class='ocrx_word' id='word_1_222' title='bbox 293 3555 386 3626; x_wconf 82' lang='lat' dir='ltr'>Qualis</span> <span class='ocrx_word' id='word_1_223' title='bbox 395 3575 458 3624; x_wconf 78' lang='lat' dir='ltr'>ergo</span> <span class='ocrx_word' id='word_1_224' title='bbox 467 3554 551 3608; x_wconf 85' lang='lat' dir='ltr'>suerat</span> <span class='ocrx_word' id='word_1_225' title='bbox 563 3557 591 3608; x_wconf 91' lang='lat' dir='ltr'>in</span> <span class='ocrx_word' id='word_1_226' title='bbox 600 3576 631 3610; x_wconf 91' lang='lat' dir='ltr'>ea</span> <span class='ocrx_word' id='word_1_227' title='bbox 680 3572 743 3606; x_wconf 89' lang='lat' dir='ltr'>eum</span> <span class='ocrx_word' id='word_1_228' title='bbox 762 3552 930 3617; x_wconf 88' lang='lat' dir='ltr'>imitabatur,</span> <span class='ocrx_word' id='word_1_229' title='bbox 951 3553 1098 3620; x_wconf 84' lang='lat' dir='ltr'>pugnando</span> <span class='ocrx_word' id='word_1_230' title='bbox 1112 3552 1182 3605; x_wconf 84' lang='lat' dir='ltr'>etiam</span> 
     </span>
     <span class='ocr_line' id='line_1_32' title="bbox 124 3631 792 3708; baseline -0.013 -17"><span class='ocrx_word' id='word_1_231' title='bbox 124 3637 301 3708; x_wconf 83' lang='lat' dir='ltr'>puguaAjax,</span> <span class='ocrx_word' id='word_1_232' title='bbox 312 3633 392 3687; x_wconf 85' lang='lat' dir='ltr'>talem</span> <span class='ocrx_word' id='word_1_233' title='bbox 403 3631 476 3685; x_wconf 90' lang='lat' dir='ltr'>enim</span> <span class='ocrx_word' id='word_1_234' title='bbox 489 3632 565 3685; x_wconf 82' lang='lat' dir='ltr'>fnisse</span> <span class='ocrx_word' id='word_1_235' title='bbox 575 3635 632 3686; x_wconf 86' lang='lat' dir='ltr'>Ve-</span> <span class='ocrx_word' id='word_1_236' title='bbox 680 3631 792 3684; x_wconf 84' lang='lat' dir='ltr'>sortiter.</span> 
     </span>
    </p>

    <p class='ocr_par' dir='ltr' id='par_1_17' title="bbox 125 3704 1181 4016">
     <span class='ocr_line' id='line_1_33' title="bbox 125 3704 1181 3778; baseline -0.011 -11"><span class='ocrx_word' id='word_1_237' title='bbox 125 3715 217 3767; x_wconf 86' lang='lat' dir='ltr'>stalem</span> <span class='ocrx_word' id='word_1_238' title='bbox 235 3723 327 3767; x_wconf 88' lang='lat' dir='ltr'>contra</span> <span class='ocrx_word' id='word_1_239' title='bbox 345 3710 425 3766; x_wconf 86' lang='lat' dir='ltr'>Getas</span> <span class='ocrx_word' id='word_1_240' title='bbox 444 3707 632 3778; x_wconf 71' lang='lat' dir='ltr'>profiscun-</span> <span class='ocrx_word' id='word_1_241' title='bbox 714 3711 753 3762; x_wconf 83' lang='lat'>53.</span> <span class='ocrx_word' id='word_1_242' title='bbox 776 3711 892 3762; x_wconf 67' lang='lat' dir='ltr'>Vincitur</span> <span class='ocrx_word' id='word_1_243' title='bbox 904 3710 1038 3776; x_wconf 76' lang='lat' dir='ltr'>AEgypsos.</span> <span class='ocrx_word' id='word_1_244' title='bbox 1059 3707 1130 3761; x_wconf 84' lang='lat' dir='ltr'>Urbs</span> <span class='ocrx_word' id='word_1_245' title='bbox 1146 3704 1181 3758; x_wconf 78' lang='lat' dir='ltr'>itta</span> 
     </span>
     <span class='ocr_line' id='line_1_34' title="bbox 128 3785 1181 3861; baseline -0.009 -15"><span class='ocrx_word' id='word_1_246' title='bbox 128 3795 202 3846; x_wconf 83' lang='lat' dir='ltr'>Talis</span> <span class='ocrx_word' id='word_1_247' title='bbox 209 3796 280 3861; x_wconf 83' lang='lat' dir='ltr'>apud</span> <span class='ocrx_word' id='word_1_248' title='bbox 288 3792 391 3858; x_wconf 68' lang='lat' dir='ltr'>Troiam</span> <span class='ocrx_word' id='word_1_249' title='bbox 398 3792 552 3855; x_wconf 65' lang='lat' dir='ltr'>Danarspro</span> <span class='ocrx_word' id='word_1_250' title='bbox 559 3794 633 3842; x_wconf 74' lang='lat' dir='ltr'>navi·</span> <span class='ocrx_word' id='word_1_251' title='bbox 681 3787 789 3840; x_wconf 90' lang='lat' dir='ltr'>tandem</span> <span class='ocrx_word' id='word_1_252' title='bbox 800 3799 845 3841; x_wconf 90' lang='lat' dir='ltr'>tua</span> <span class='ocrx_word' id='word_1_253' title='bbox 857 3785 967 3852; x_wconf 87' lang='lat' dir='ltr'>virtute,</span> <span class='ocrx_word' id='word_1_254' title='bbox 980 3805 997 3838; x_wconf 95' lang='lat' dir='ltr'>o</span> <span class='ocrx_word' id='word_1_255' title='bbox 1007 3786 1136 3852; x_wconf 86' lang='lat' dir='ltr'>Vestalis,</span> <span class='ocrx_word' id='word_1_256' title='bbox 1145 3803 1181 3836; x_wconf 85' lang='lat' dir='ltr'>ca·</span> 
     </span>
     <span class='ocr_line' id='line_1_35' title="bbox 126 3865 1179 3936; baseline -0.006 -15"><span class='ocrx_word' id='word_1_257' title='bbox 126 3873 173 3921; x_wconf 82' lang='lat' dir='ltr'>bus</span> <span class='ocrx_word' id='word_1_258' title='bbox 181 3870 261 3936; x_wconf 62' lang='grc' dir='ltr'>Δία.</span> <span class='ocrx_word' id='word_1_259' title='bbox 269 3868 341 3923; x_wconf 89' lang='lat' dir='ltr'>Iliad.</span> <span class='ocrx_word' id='word_1_260' title='bbox 351 3880 371 3923; x_wconf 92' lang='lat'>0</span> <span class='ocrx_word' id='word_1_261' title='bbox 381 3888 387 3920; x_wconf 78' lang='grc' dir='ltr'>ι</span> <span class='ocrx_word' id='word_1_262' title='bbox 397 3889 410 3915; x_wconf 87' lang='lat'>«</span> <span class='ocrx_word' id='word_1_263' title='bbox 420 3867 453 3920; x_wconf 90' lang='lat' dir='ltr'>lu</span> <span class='ocrx_word' id='word_1_264' title='bbox 462 3866 568 3920; x_wconf 84' lang='lat' dir='ltr'>Danaos</span> <span class='ocrx_word' id='word_1_265' title='bbox 578 3867 632 3919; x_wconf 89' lang='lat' dir='ltr'>He·</span> <span class='ocrx_word' id='word_1_266' title='bbox 680 3868 759 3935; x_wconf 87' lang='lat' dir='ltr'>pitur.</span> <span class='ocrx_word' id='word_1_267' title='bbox 766 3894 799 3908; x_wconf 89' lang='lat'>-</span> <span class='ocrx_word' id='word_1_268' title='bbox 809 3868 921 3920; x_wconf 81' lang='lat' dir='ltr'>Testata.</span> <span class='ocrx_word' id='word_1_269' title='bbox 935 3865 1103 3920; x_wconf 88' lang='lat' dir='ltr'>Testimonio</span> <span class='ocrx_word' id='word_1_270' title='bbox 1114 3879 1179 3918; x_wconf 80' lang='lat' dir='ltr'>cont·</span> 
     </span>
     <span class='ocr_line' id='line_1_36' title="bbox 127 3945 797 4016; baseline 0 -18"><span class='ocrx_word' id='word_1_271' title='bbox 127 3955 183 3998; x_wconf 82' lang='lat' dir='ltr'>ctor</span> <span class='ocrx_word' id='word_1_272' title='bbox 195 3946 250 4000; x_wconf 82' lang='lat' dir='ltr'>fert</span> <span class='ocrx_word' id='word_1_273' title='bbox 264 3946 332 4013; x_wconf 83' lang='lat' dir='ltr'>tela,</span> <span class='ocrx_word' id='word_1_274' title='bbox 353 3946 474 4016; x_wconf 73' lang='lat' dir='ltr'>laresque</span> <span class='ocrx_word' id='word_1_275' title='bbox 487 3945 610 4014; x_wconf 83' lang='lat' dir='ltr'>Deosque</span> <span class='ocrx_word' id='word_1_276' title='bbox 624 3965 631 4009; x_wconf 87' lang='lat'>;</span> <span class='ocrx_word' id='word_1_277' title='bbox 681 3947 797 4014; x_wconf 90' lang='lat' dir='ltr'>probata.</span> 
     </span>
    </p>
   </div>
   <div class='ocr_carea' id='block_1_7' title="bbox 540 4113 776 4142">
    <p class='ocr_par' dir='ltr' id='par_1_18' title="bbox 540 4113 776 4142">
     <span class='ocr_line' id='line_1_37' title="bbox 540 4113 776 4142; baseline -0.013 -6"><span class='ocrx_word' id='word_1_278' title='bbox 540 4113 776 4142; x_wconf 52' lang='grc' dir='ltr'>...Φ-ιι</span> 
     </span>
    </p>
   </div>
   <div class='ocr_carea' id='block_1_8' title="bbox 0 0 1338 4816">
    <p class='ocr_par' dir='ltr' id='par_1_19' title="bbox 0 0 1338 4816">
     <span class='ocr_line' id='line_1_38' title="bbox 0 0 1338 4816; baseline 0 0"><span class='ocrx_word' id='word_1_279' title='bbox 0 0 1338 4816; x_wconf 95' lang='lat' dir='ltr'> </span> 
     </span>
    </p>
   </div>
  </div>
 </body>
</html>
