2624 4816
112 394 182 480 424
386 396 425 461 r.
453 396 641 463 ov1n11
667 394 912 468 nssonrs

114 537 258 612 Nomine
273 565 342 610 nou
357 556 451 626 utar,
466 566 507 611 ne
523 540 750 613 commendere
768 542 922 642 querela,

164 656 405 755 Quaeralurque
424 656 486 728 tibi
504 658 647 730 carmine
664 657 747 730 lama
767 688 851 733 meo.

114 773 204 846 Dum
223 799 293 843 mea
307 770 433 870 puppis
449 788 517 844 erat
534 770 640 845 valida
656 772 792 848 fundata
812 775 940 864 camna,

165 885 235 984 Qui
253 912 380 959 mecum
397 885 496 961 velles
512 915 657 975 currere,
675 888 804 989 primus
824 918 904 963 eras.

117 1005 234 1089 Nunc,
257 1002 332 1102 quia
351 1004 513 1077 contraxit
530 1003 656 1079 vultum
675 1003 825 1088 fortuna,
843 1005 992 1098 recedis,

165 1120 303 1195 Auxilio
323 1139 498 1223 poslquam
516 1122 579 1196 scis
598 1151 682 1224 opus
702 1150 771 1198 esse
789 1141 859 1199 tuo.

117 1237 318 1313 Dissimulas
334 1239 452 1324 eriam,
471 1267 530 1312 nec
548 1267 599 1311 me
616 1239 665 1312 vis
681 1267 780 1312 nosse
794 1238 917 1328 videri,

168 1354 305 1455 Quique
319 1355 382 1442 sit,
401 1354 516 1428 audito
534 1355 689 1441 nomine,
707 1359 819 1442 Naso,
837 1384 945 1451 rogas.
1155 1396 1179 1431 ιο

117 1465 179 1541 Ille
195 1496 257 1563 ego
278 1496 367 1555 sum,
390 1497 575 1570 quanquam
595 1497 664 1542 non
680 1469 729 1543 vis
745 1469 872 1561 audire,
890 1489 1023 1547 vetusta

168 1585 264 1659 Paene
280 1614 363 1686 puer
377 1613 482 1687 puero
497 1588 632 1685 junctus
648 1586 788 1659 amicitia
804 1618 813 1661 :

20 1777 22 1782 ,
119 1699 181 1775 llle
198 1730 276 1795 ego,
298 1703 353 1802 qui
372 1704 499 1804 primus
519 1721 573 1777 lua
591 1703 678 1777 seria
693 1732 791 1778 nosse
809 1703 983 1793 solebam,

171 1815 240 1912 Qui
259 1816 320 1889 ribi
333 1816 489 1914 jucundis
505 1817 631 1919 primus
648 1818 761 1891 adesse
777 1817 880 1917 jocis:

121 1930 182 2004 Ille
198 1961 259 2027 ego
281 1934 466 2018 convictor,
487 1933 656 2035 densoque
674 1934 875 2009 domesticus
891 1963 974 2024 usu;
1158 1952 1182 2003 1⁵

171 2047 231 2120 llle
246 2078 308 2145 ego
325 2050 458 2148 judiciis
473 2051 571 2124 unica
589 2054 688 2124 Musa
705 2051 781 2124 tuis.

122 2161 215 2237 Idem
233 2192 294 2260 ego
310 2194 404 2254 sum,
423 2167 480 2266 qui
494 2196 583 2240 nunc
601 2196 641 2239 an
659 2168 783 2254 vivam,
802 2166 946 2267 perfide,
962 2167 1094 2256 nescis;

174 2283 261 2356 Cura
279 2282 341 2355 tibi
360 2283 484 2384 dequo
503 2311 646 2384 quaerere
663 2283 754 2356 nulla
770 2284 842 2357 fuit.

124 2397 201 2471 Sive
216 2398 264 2472 lui
281 2428 451 2498 nunquam
469 2428 582 2485 carus,
602 2398 772 2483 simulasse
790 2401 924 2475 fateris:

175 2516 240 2588 Seu
258 2544 328 2588 non
344 2514 509 2607 fingebas,
527 2514 690 2588 inveniere
707 2515 797 2588 levis.
1160 2550 1187 2588 ιο

127 2628 214 2718 Dic,
234 2656 309 2723 age,
330 2627 382 2701 dic
400 2627 562 2728 aliquam,
581 2656 654 2728 quae
672 2645 703 2701 te
722 2630 917 2716 mutaverit,
932 2630 1041 2703 iram:

166 2847 204 2881 ιο.
224 2831 334 2897 Quisque
344 2832 387 2880 sit.
401 2827 578 2896 Qur'queFrag.
589 2827 638 2880 Lo·
723 2848 761 2901 ¹9·
775 2831 912 2883 Sr'rrrulasse
916 2828 1023 2894 fatens.
1030 2829 1127 2884 Melius
1135 2848 1190 2886 cum

130 2929 188 2962 van.
200 2920 227 2963 et
241 2909 346 2978 Regius.
358 2909 394 2963 fl.
685 2906 855 2974 sequentibus
867 2905 922 2960 haec
937 2905 1125 2974 coherebum,
1137 2907 1191 2961 sile·

168 2988 638 3058 15.Densousu.Frequenticonsue·
686 3003 746 3053 gas,
758 2989 891 3037 simulasse
891 2986 987 3052 seretis
998 3005 1006 3037 .·
1019 3004 1085 3039 narn
1093 3000 1192 3039 unusex

132 3069 234 3122 tudine.
687 3062 783 3115 nostris
792 3065 892 3114 vr'derr's.
905 3063 942 3114 H.

169 3146 206 3199 ιθ.
228 3148 290 3198 Tuis
292 3147 409 3212 judiciis.
423 3145 494 3214 Quia
505 3145 541 3197 ira
554 3143 586 3196 de
595 3161 638 3194 me
720 3141 893 3208 auduram,
906 3143 948 3195 dic
958 3145 1082 3209 alr'qum.
1092 3143 1192 3209 Br'caffl

133 3223 311 3295 judicabas-
323 3226 405 3276 Unr'ca
412 3243 492 3276 musa.
498 3222 575 3276 Solus
581 3239 639 3291 poe·
688 3237 754 3270 nunc
763 3218 841 3271 Poris.
852 3218 917 3271 alius
928 3220 1003 3272 Nunc
1010 3240 1061 3288 age
1069 3223 1122 3283 δίᾳ·
1129 3238 1190 3272 unus

135 3303 193 3357 sicae
206 3302 267 3355 arsis
278 3301 384 3370 peritus.
690 3296 773 3349 Vatis.
781 3299 905 3364 Dianae,
913 3300 973 3360 dic,
985 3308 1013 3353 at
1020 3309 1134 3368 uterque
1140 3297 1192 3350 Me·

171 3403 208 3452 ¹7·
226 3383 274 3434 Ille
288 3400 334 3447 ego
347 3399 409 3431 sum.
423 3381 492 3431 Idem
506 3398 553 3446 ego
571 3395 640 3430 con·
691 3373 819 3442 doniipro
829 3374 931 3428 diversa
943 3375 1059 3430 lectione
1069 3415 1078 3443 ,
1089 3380 1140 3430 Eia
1153 3391 1193 3442 qt

135 3462 239 3517 sinnius
251 3460 319 3529 legas
331 3478 362 3513 ex
374 3467 486 3524 quatuor
498 3457 569 3509 libris
581 3474 644 3524 :pro
691 3456 734 3506 dic
742 3471 752 3518 ,·
760 3453 830 3522 quod
840 3472 932 3507 verum
940 3464 980 3508 est
988 3455 1041 3510 :sic
1049 3457 1119 3526 apud
1128 3455 1192 3524 Virg.

137 3547 183 3610 qui
190 3559 256 3594 rrurrc
270 3557 304 3590 arr
313 3539 410 3596 viram,
426 3532 560 3586 Leidensis
573 3551 643 3601 quem
692 3531 800 3585 AEneid.
809 3533 860 3597 lV,
869 3552 905 3585 vs.
913 3533 961 3604 559
970 3536 1052 3600 :Er'a,
1063 3554 1124 3603 age,
1135 3553 1194 3587 mr·

137 3641 212 3676 nunc.
228 3620 326 3683 Forte,
345 3634 415 3685 quem
429 3633 496 3667 rrurrc
506 3634 541 3667 arr
558 3618 644 3666 vivat:
688 3631 723 3680 pe
733 3632 823 3665 moras.
833 3612 1006 3666 Nemesianus
1021 3613 1193 3686 cynegetieo:

138 3720 215 3755 versu
225 3698 358 3769 proximo,
372 3691 645 3764 procurajrrit‚quum
695 3711 709 3736 «
725 3690 832 3744 Latona
845 3709 990 3760 magnum,
1011 3691 1131 3759 Phoebe,
1148 3691 1193 3745 de-

140 3785 167 3836 τῦ
177 3785 286 3834 suimox
294 3785 418 3846 sequatur
427 3794 457 3842 ,a
469 3773 573 3826 Nasone
586 3768 647 3822 reli·
694 3790 748 3837 cus,
754 3770 795 3823 eia
805 3789 851 3840 age
860 3809 867 3836 ,
877 3781 963 3823 suetos
972 3770 1058 3823 Sume
1068 3771 1172 3825 habitos
1183 3789 1194 3814 ¹·

141 3869 215 3913 ctum
225 3856 300 3910 nobis
308 3874 370 3910 cura
379 3858 448 3908 subi!
456 3849 558 3922 opinor.
570 3849 647 3903 H.-
696 3849 817 3902 Valerius
835 3850 956 3915 Flaccus,
973 3848 1017 3903 lib.
1032 3849 1120 3914 Vlll,
1139 3864 1193 3903 rro:

143 3939 243 4003 1110050
253 3954 308 3988 sum
322 3937 440 4003 qur'rrurrc
448 3933 582 3984 arvinam.
591 3926 648 3980 Or·
697 3948 711 3974 α
722 3928 787 3996 Eia,
807 3929 957 3996 peripsum
971 3926 1077 3981 Scande
1094 3945 1153 3996 age,
1173 3931 1196 3974 et

145 4014 180 4067 do
189 4023 245 4067 est:
259 4010 285 4064 0
296 4010 412 4082 perfide,
424 4009 470 4078 qui
481 4026 553 4061 nunc
566 4006 649 4060 nescis
697 4007 806 4062 adverso
814 4028 930 4078 gressus,
945 4008 998 4075 ait,
1010 4007 1135 4078 imprime
1142 4004 1196 4057 dor·

145 4112 179 4146 an
188 4093 286 4158 vivam,
296 4111 345 4161 ego
357 4110 416 4144 sum
424 4089 466 4143 ille
474 4130 481 4157 ,
490 4086 650 4158 dequonul-
697 4108 739 4151 so;
754 4110 767 4134 a
779 4099 856 4158 atque
869 4089 905 4142 ila
917 4089 1012 4159 passim
1023 4098 1116 4156 poete„
1126 4085 1195 4140 H·-

143 4173 169 4226 la
175 4189 238 4225 eura
246 4168 296 4225 fuit
309 4170 357 4224 ribi
363 4188 487 4238 querere.
699 4167 757 4238 Ego
776 4170 830 4222 Dic
843 4187 908 4237 age,
921 4171 980 4232 dic,
998 4166 1117 4239 presuli,
1136 4181 1195 4235 pro·
