<?xml version="1.0" encoding="UTF-8"?>
<!DOCTYPE html PUBLIC "-//W3C//DTD XHTML 1.0 Transitional//EN"
    "http://www.w3.org/TR/xhtml1/DTD/xhtml1-transitional.dtd">
<html xmlns="http://www.w3.org/1999/xhtml" xml:lang="en" lang="en">
 <head>
  <title>
</title>
<meta http-equiv="Content-Type" content="text/html;charset=utf-8" />
  <meta name='ocr-system' content='tesseract 3.04.00' />
  <meta name='ocr-capabilities' content='ocr_page ocr_carea ocr_par ocr_line ocrx_word'/>
</head>
<body>
  <div class='ocr_page' id='page_1' title='image "bibliothecaclas31lemagoog_0480.png"; bbox 0 0 2624 4816; ppageno 0'>
   <div class='ocr_carea' id='block_1_1' title="bbox 216 409 1107 496">
    <p class='ocr_par' dir='ltr' id='par_1_1' title="bbox 216 409 1107 496">
     <span class='ocr_line' id='line_1_1' title="bbox 216 409 1107 496; baseline 0 -17"><span class='ocrx_word' id='word_1_1' title='bbox 216 411 688 480; x_wconf 66' lang='lat' dir='ltr'><strong>erroneorum.</strong></span> <span class='ocrx_word' id='word_1_2' title='bbox 716 409 879 479; x_wconf 80' lang='lat' dir='ltr'><strong>nrlsr.</strong></span> <span class='ocrx_word' id='word_1_3' title='bbox 905 413 950 479; x_wconf 89' lang='lat' dir='ltr'><strong>x.</strong></span> <span class='ocrx_word' id='word_1_4' title='bbox 1045 413 1107 496; x_wconf 76' lang='lat'><strong>461</strong></span> 
     </span>
    </p>
   </div>
   <div class='ocr_carea' id='block_1_2' title="bbox 55 550 916 881">
    <p class='ocr_par' dir='ltr' id='par_1_2' title="bbox 55 550 916 881">
     <span class='ocr_line' id='line_1_2' title="bbox 105 550 916 652; baseline -0.004 -25"><span class='ocrx_word' id='word_1_5' title='bbox 105 553 192 651; x_wconf 85' lang='lat' dir='ltr'><strong>Quis</strong></span> <span class='ocrx_word' id='word_1_6' title='bbox 207 550 302 625; x_wconf 90' lang='lat' dir='ltr'><strong>labor</strong></span> <span class='ocrx_word' id='word_1_7' title='bbox 319 569 368 626; x_wconf 90' lang='lat' dir='ltr'><strong>est</strong></span> <span class='ocrx_word' id='word_1_8' title='bbox 383 581 498 652; x_wconf 86' lang='lat' dir='ltr'><strong>puram</strong></span> <span class='ocrx_word' id='word_1_9' title='bbox 517 581 585 626; x_wconf 91' lang='lat' dir='ltr'><strong>non</strong></span> <span class='ocrx_word' id='word_1_10' title='bbox 602 570 775 626; x_wconf 85' lang='lat' dir='ltr'><strong>temerasse</strong></span> <span class='ocrx_word' id='word_1_11' title='bbox 792 552 916 625; x_wconf 83' lang='lat' dir='ltr'><strong>fidem?</strong></span> 
     </span>
     <span class='ocr_line' id='line_1_3' title="bbox 55 667 826 768; baseline -0.004 -26"><span class='ocrx_word' id='word_1_12' title='bbox 55 670 133 742; x_wconf 84' lang='lat' dir='ltr'><strong>Haec</strong></span> <span class='ocrx_word' id='word_1_13' title='bbox 151 668 233 756; x_wconf 86' lang='lat' dir='ltr'><strong>tibi,</strong></span> <span class='ocrx_word' id='word_1_14' title='bbox 252 669 308 768; x_wconf 94' lang='lat' dir='ltr'><strong>qui</strong></span> <span class='ocrx_word' id='word_1_15' title='bbox 324 686 450 768; x_wconf 76' lang='lat' dir='ltr'><strong>perstas</strong></span> <span class='ocrx_word' id='word_1_16' title='bbox 468 667 686 740; x_wconf 83' lang='lat' dir='ltr'><strong>indeclinatus</strong></span> <span class='ocrx_word' id='word_1_17' title='bbox 703 668 826 755; x_wconf 86' lang='lat' dir='ltr'><strong>amico,</strong></span> 
     </span>
     <span class='ocr_line' id='line_1_4' title="bbox 103 781 880 881; baseline -0.003 -27"><span class='ocrx_word' id='word_1_18' title='bbox 103 785 178 854; x_wconf 89' lang='lat' dir='ltr'><strong>Non</strong></span> <span class='ocrx_word' id='word_1_19' title='bbox 196 799 245 855; x_wconf 88' lang='lat' dir='ltr'><strong>est</strong></span> <span class='ocrx_word' id='word_1_20' title='bbox 263 781 351 880; x_wconf 92' lang='lat' dir='ltr'><strong>quod</strong></span> <span class='ocrx_word' id='word_1_21' title='bbox 370 781 483 876; x_wconf 87' lang='lat' dir='ltr'><strong>lingua</strong></span> <span class='ocrx_word' id='word_1_22' title='bbox 498 781 582 854; x_wconf 88' lang='lat' dir='ltr'><strong>dicta</strong></span> <span class='ocrx_word' id='word_1_23' title='bbox 602 799 756 880; x_wconf 87' lang='lat' dir='ltr'><strong>querente</strong></span> <span class='ocrx_word' id='word_1_24' title='bbox 774 797 880 881; x_wconf 89' lang='lat' dir='ltr'><strong>putes.</strong></span> 
     </span>
    </p>
   </div>
   <div class='ocr_carea' id='block_1_3' title="bbox 56 978 1100 1010">
    <p class='ocr_par' dir='ltr' id='par_1_3' title="bbox 56 978 1100 1010">
     <span class='ocr_line' id='line_1_5' title="bbox 56 978 1100 1010; baseline 0.006 -5"><span class='ocrx_word' id='word_1_25' title='bbox 56 978 1100 1010; x_wconf 47' lang='lat' dir='ltr'><strong>m</strong></span> 
     </span>
    </p>
   </div>
   <div class='ocr_carea' id='block_1_4' title="bbox 368 1114 805 1200">
    <p class='ocr_par' dir='ltr' id='par_1_4' title="bbox 368 1114 805 1200">
     <span class='ocr_line' id='line_1_6' title="bbox 368 1114 805 1200; baseline 0.002 -2"><span class='ocrx_word' id='word_1_26' title='bbox 368 1114 680 1200; x_wconf 81' lang='lat' dir='ltr'><strong>EPISTOLA</strong></span> <span class='ocrx_word' id='word_1_27' title='bbox 723 1117 805 1200; x_wconf 89' lang='lat' dir='ltr'><strong>XI.</strong></span> 
     </span>
    </p>
   </div>
   <div class='ocr_carea' id='block_1_5' title="bbox 524 1280 656 1301">
    <p class='ocr_par' dir='ltr' id='par_1_5' title="bbox 524 1280 656 1301">
     <span class='ocr_line' id='line_1_7' title="bbox 524 1280 656 1301; baseline 0.015 -2"><span class='ocrx_word' id='word_1_28' title='bbox 524 1280 656 1301; x_wconf 63' lang='lat' dir='ltr'><strong>mm</strong></span> 
     </span>
    </p>
   </div>
   <div class='ocr_carea' id='block_1_6' title="bbox 434 1434 736 1549">
    <p class='ocr_par' dir='ltr' id='par_1_6' title="bbox 434 1434 736 1549">
     <span class='ocr_line' id='line_1_8' title="bbox 434 1434 736 1549; baseline 0.01 -5"><span class='ocrx_word' id='word_1_29' title='bbox 434 1434 736 1549; x_wconf 73' lang='lat' dir='ltr'><strong>*carmem</strong></span> 
     </span>
    </p>
   </div>
   <div class='ocr_carea' id='block_1_7' title="bbox 411 1812 769 1874">
    <p class='ocr_par' dir='ltr' id='par_1_7' title="bbox 411 1812 769 1874">
     <span class='ocr_line' id='line_1_9' title="bbox 411 1812 769 1874; baseline 0.006 -2"><span class='ocrx_word' id='word_1_30' title='bbox 411 1812 769 1874; x_wconf 81' lang='lat' dir='ltr'><strong>ARGUMENTUM.</strong></span> 
     </span>
    </p>
   </div>
   <div class='ocr_carea' id='block_1_8' title="bbox 200 1967 988 2038">
    <p class='ocr_par' dir='ltr' id='par_1_8' title="bbox 200 1967 988 2038">
     <span class='ocr_line' id='line_1_10' title="bbox 200 1967 988 2038; baseline 0.001 -17"><span class='ocrx_word' id='word_1_31' title='bbox 200 1967 321 2037; x_wconf 76' lang='lat' dir='ltr'><strong>Coniuge</strong></span> <span class='ocrx_word' id='word_1_32' title='bbox 334 1969 427 2022; x_wconf 89' lang='lat' dir='ltr'><strong>orbum</strong></span> <span class='ocrx_word' id='word_1_33' title='bbox 439 1969 588 2023; x_wconf 79' lang='lat' dir='ltr'><strong>Gallionem</strong></span> <span class='ocrx_word' id='word_1_34' title='bbox 600 1989 658 2022; x_wconf 88' lang='lat' dir='ltr'><strong>sero</strong></span> <span class='ocrx_word' id='word_1_35' title='bbox 671 1967 742 2038; x_wconf 89' lang='lat' dir='ltr'><strong>quod</strong></span> <span class='ocrx_word' id='word_1_36' title='bbox 754 1969 868 2037; x_wconf 81' lang='lat' dir='ltr'><strong>soletur,</strong></span> <span class='ocrx_word' id='word_1_37' title='bbox 879 1985 988 2026; x_wconf 83' lang='lat' dir='ltr'><strong>excusat.</strong></span> 
     </span>
    </p>
   </div>
   <div class='ocr_carea' id='block_1_9' title="bbox 21 2115 1128 3394">
    <p class='ocr_par' dir='ltr' id='par_1_9' title="bbox 60 2115 943 2477">
     <span class='ocr_line' id='line_1_11' title="bbox 60 2115 876 2234; baseline 0.002 -16"><span class='ocrx_word' id='word_1_38' title='bbox 60 2115 252 2232; x_wconf 76' lang='lat' dir='ltr'><strong>GALLIO,</strong></span> <span class='ocrx_word' id='word_1_39' title='bbox 271 2145 392 2218; x_wconf 90' lang='lat' dir='ltr'><strong>crimen</strong></span> <span class='ocrx_word' id='word_1_40' title='bbox 410 2146 472 2217; x_wconf 87' lang='lat' dir='ltr'><strong>erit</strong></span> <span class='ocrx_word' id='word_1_41' title='bbox 485 2145 538 2217; x_wconf 82' lang='lat' dir='ltr'><strong>vir</strong></span> <span class='ocrx_word' id='word_1_42' title='bbox 556 2144 741 2218; x_wconf 82' lang='lat' dir='ltr'><strong>excusabile</strong></span> <span class='ocrx_word' id='word_1_43' title='bbox 759 2148 876 2234; x_wconf 89' lang='lat' dir='ltr'><strong>nobis,</strong></span> 
     </span>
     <span class='ocr_line' id='line_1_12' title="bbox 111 2259 907 2335; baseline -0.003 -1"><span class='ocrx_word' id='word_1_44' title='bbox 111 2260 266 2335; x_wconf 85' lang='lat' dir='ltr'><strong>Carmine</strong></span> <span class='ocrx_word' id='word_1_45' title='bbox 285 2277 315 2332; x_wconf 91' lang='lat' dir='ltr'><strong>te</strong></span> <span class='ocrx_word' id='word_1_46' title='bbox 332 2287 451 2332; x_wconf 91' lang='lat' dir='ltr'><strong>nornen</strong></span> <span class='ocrx_word' id='word_1_47' title='bbox 469 2287 536 2330; x_wconf 90' lang='lat' dir='ltr'><strong>non</strong></span> <span class='ocrx_word' id='word_1_48' title='bbox 554 2259 708 2333; x_wconf 86' lang='lat' dir='ltr'><strong>habuisse</strong></span> <span class='ocrx_word' id='word_1_49' title='bbox 725 2289 809 2333; x_wconf 88' lang='lat' dir='ltr'><strong>meo.</strong></span> <span class='ocrx_word' id='word_1_50' title='bbox 903 2300 907 2305; x_wconf 95' lang='lat'>·</span> 
     </span>
     <span class='ocr_line' id='line_1_13' title="bbox 60 2374 943 2477; baseline 0.005 -29"><span class='ocrx_word' id='word_1_51' title='bbox 60 2377 112 2448; x_wconf 90' lang='lat' dir='ltr'><strong>Tu</strong></span> <span class='ocrx_word' id='word_1_52' title='bbox 132 2403 266 2475; x_wconf 90' lang='lat' dir='ltr'><strong>quoque</strong></span> <span class='ocrx_word' id='word_1_53' title='bbox 283 2375 384 2462; x_wconf 83' lang='lat' dir='ltr'><strong>eninr,</strong></span> <span class='ocrx_word' id='word_1_54' title='bbox 404 2375 553 2461; x_wconf 90' lang='lat' dir='ltr'><strong>memini,</strong></span> <span class='ocrx_word' id='word_1_55' title='bbox 572 2374 691 2449; x_wconf 86' lang='lat' dir='ltr'><strong>caelesti</strong></span> <span class='ocrx_word' id='word_1_56' title='bbox 709 2377 844 2477; x_wconf 87' lang='lat' dir='ltr'><strong>cuspide</strong></span> <span class='ocrx_word' id='word_1_57' title='bbox 861 2377 943 2452; x_wconf 83' lang='lat' dir='ltr'><strong>sacta</strong></span> 
     </span>
    </p>

    <p class='ocr_par' dir='ltr' id='par_1_10' title="bbox 21 2488 1128 3394">
     <span class='ocr_line' id='line_1_14' title="bbox 108 2488 779 2591; baseline 0.001 -28"><span class='ocrx_word' id='word_1_58' title='bbox 108 2489 235 2563; x_wconf 86' lang='lat' dir='ltr'><strong>Fovisti</strong></span> <span class='ocrx_word' id='word_1_59' title='bbox 253 2488 404 2591; x_wconf 85' lang='lat' dir='ltr'><strong>lacrymis</strong></span> <span class='ocrx_word' id='word_1_60' title='bbox 420 2488 553 2564; x_wconf 85' lang='lat' dir='ltr'><strong>vulnera</strong></span> <span class='ocrx_word' id='word_1_61' title='bbox 570 2509 682 2564; x_wconf 90' lang='lat' dir='ltr'><strong>nostra</strong></span> <span class='ocrx_word' id='word_1_62' title='bbox 700 2492 779 2565; x_wconf 88' lang='lat' dir='ltr'><strong>tuis.</strong></span> 
     </span>
     <span class='ocr_line' id='line_1_15' title="bbox 21 2602 815 2704; baseline -0.005 -23"><span class='ocrx_word' id='word_1_63' title='bbox 21 2608 26 2613; x_wconf 40' lang='lat'><strong>⁴</strong></span> <span class='ocrx_word' id='word_1_64' title='bbox 61 2605 173 2704; x_wconf 79' lang='lat' dir='ltr'><strong>Atque</strong></span> <span class='ocrx_word' id='word_1_65' title='bbox 191 2604 330 2688; x_wconf 87' lang='lat' dir='ltr'><strong>utinam,</strong></span> <span class='ocrx_word' id='word_1_66' title='bbox 348 2602 434 2703; x_wconf 87' lang='lat' dir='ltr'><strong>rapti</strong></span> <span class='ocrx_word' id='word_1_67' title='bbox 447 2605 573 2703; x_wconf 88' lang='lat' dir='ltr'><strong>jactura</strong></span> <span class='ocrx_word' id='word_1_68' title='bbox 591 2604 685 2679; x_wconf 88' lang='lat' dir='ltr'><strong>laesus</strong></span> <span class='ocrx_word' id='word_1_69' title='bbox 701 2606 815 2693; x_wconf 88' lang='lat' dir='ltr'><strong>amici,</strong></span> 
     </span>
     <span class='ocr_line' id='line_1_16' title="bbox 112 2716 835 2818; baseline 0.003 -26"><span class='ocrx_word' id='word_1_70' title='bbox 112 2719 280 2792; x_wconf 79' lang='lat' dir='ltr'><strong>sensisses</strong></span> <span class='ocrx_word' id='word_1_71' title='bbox 294 2716 397 2805; x_wconf 86' lang='lat' dir='ltr'><strong>ultra,</strong></span> <span class='ocrx_word' id='word_1_72' title='bbox 418 2718 507 2817; x_wconf 88' lang='lat' dir='ltr'><strong>quod</strong></span> <span class='ocrx_word' id='word_1_73' title='bbox 526 2747 713 2818; x_wconf 86' lang='lat' dir='ltr'><strong>quererere,</strong></span> <span class='ocrx_word' id='word_1_74' title='bbox 732 2722 835 2794; x_wconf 84' lang='lat' dir='ltr'><strong>nihil!</strong></span> 
     </span>
     <span class='ocr_line' id='line_1_17' title="bbox 62 2833 860 2937; baseline 0.003 -29"><span class='ocrx_word' id='word_1_75' title='bbox 62 2835 140 2908; x_wconf 87' lang='lat' dir='ltr'><strong>Non</strong></span> <span class='ocrx_word' id='word_1_76' title='bbox 155 2835 202 2907; x_wconf 90' lang='lat' dir='ltr'><strong>ita</strong></span> <span class='ocrx_word' id='word_1_77' title='bbox 216 2836 278 2907; x_wconf 81' lang='lat' dir='ltr'><strong>Dis</strong></span> <span class='ocrx_word' id='word_1_78' title='bbox 297 2833 441 2934; x_wconf 88' lang='lat' dir='ltr'><strong>placuit,</strong></span> <span class='ocrx_word' id='word_1_79' title='bbox 461 2834 518 2933; x_wconf 90' lang='lat' dir='ltr'><strong>qui</strong></span> <span class='ocrx_word' id='word_1_80' title='bbox 535 2852 566 2907; x_wconf 91' lang='lat' dir='ltr'><strong>te</strong></span> <span class='ocrx_word' id='word_1_81' title='bbox 584 2835 724 2935; x_wconf 91' lang='lat' dir='ltr'><strong>spoliare</strong></span> <span class='ocrx_word' id='word_1_82' title='bbox 741 2837 860 2937; x_wconf 93' lang='lat' dir='ltr'><strong>pudica</strong></span> 
     </span>
     <span class='ocr_line' id='line_1_18' title="bbox 116 2946 792 3048; baseline -0.001 -26"><span class='ocrx_word' id='word_1_83' title='bbox 116 2949 264 3048; x_wconf 82' lang='lat' dir='ltr'><strong>Conjuge</strong></span> <span class='ocrx_word' id='word_1_84' title='bbox 283 2946 429 3021; x_wconf 87' lang='lat' dir='ltr'><strong>crudeles</strong></span> <span class='ocrx_word' id='word_1_85' title='bbox 445 2977 515 3022; x_wconf 91' lang='lat' dir='ltr'><strong>non</strong></span> <span class='ocrx_word' id='word_1_86' title='bbox 532 2948 675 3022; x_wconf 90' lang='lat' dir='ltr'><strong>habuere</strong></span> <span class='ocrx_word' id='word_1_87' title='bbox 692 2950 792 3023; x_wconf 82' lang='lat' dir='ltr'><strong>nefas.</strong></span> 
     </span>
     <span class='ocr_line' id='line_1_19' title="bbox 64 3062 906 3163; baseline -0.002 -24"><span class='ocrx_word' id='word_1_88' title='bbox 64 3066 190 3140; x_wconf 79' lang='lat' dir='ltr'><strong>Nuntia</strong></span> <span class='ocrx_word' id='word_1_89' title='bbox 206 3094 280 3137; x_wconf 89' lang='lat' dir='ltr'><strong>narn</strong></span> <span class='ocrx_word' id='word_1_90' title='bbox 298 3063 407 3137; x_wconf 83' lang='lat' dir='ltr'><strong>luctus</strong></span> <span class='ocrx_word' id='word_1_91' title='bbox 427 3063 508 3136; x_wconf 86' lang='lat' dir='ltr'><strong>mihi</strong></span> <span class='ocrx_word' id='word_1_92' title='bbox 524 3093 630 3162; x_wconf 86' lang='lat' dir='ltr'><strong>nuper</strong></span> <span class='ocrx_word' id='word_1_93' title='bbox 646 3062 785 3163; x_wconf 89' lang='lat' dir='ltr'><strong>epistola</strong></span> <span class='ocrx_word' id='word_1_94' title='bbox 802 3065 906 3152; x_wconf 84' lang='lat' dir='ltr'><strong>venit,</strong></span> 
     </span>
     <span class='ocr_line' id='line_1_20' title="bbox 113 3176 1128 3279; baseline 0 -27"><span class='ocrx_word' id='word_1_95' title='bbox 113 3180 279 3279; x_wconf 84' lang='lat' dir='ltr'><strong>Lectaque</strong></span> <span class='ocrx_word' id='word_1_96' title='bbox 296 3205 370 3250; x_wconf 91' lang='lat' dir='ltr'><strong>cum</strong></span> <span class='ocrx_word' id='word_1_97' title='bbox 389 3176 538 3277; x_wconf 80' lang='lat' dir='ltr'><strong>lacryr‘nis</strong></span> <span class='ocrx_word' id='word_1_98' title='bbox 556 3196 634 3252; x_wconf 92' lang='lat' dir='ltr'><strong>sunt</strong></span> <span class='ocrx_word' id='word_1_99' title='bbox 652 3196 707 3251; x_wconf 92' lang='lat' dir='ltr'><strong>tua</strong></span> <span class='ocrx_word' id='word_1_100' title='bbox 724 3180 841 3250; x_wconf 89' lang='lat' dir='ltr'><strong>damna</strong></span> <span class='ocrx_word' id='word_1_101' title='bbox 857 3180 947 3253; x_wconf 88' lang='lat' dir='ltr'><strong>meis.</strong></span> <span class='ocrx_word' id='word_1_102' title='bbox 1099 3222 1128 3256; x_wconf 63' lang='grc' dir='ltr'><strong>ιο</strong></span> 
     </span>
     <span class='ocr_line' id='line_1_21' title="bbox 67 3291 874 3394; baseline -0.004 -26"><span class='ocrx_word' id='word_1_103' title='bbox 67 3295 132 3369; x_wconf 83' lang='lat' dir='ltr'><strong>Sed</strong></span> <span class='ocrx_word' id='word_1_104' title='bbox 148 3323 256 3394; x_wconf 91' lang='lat' dir='ltr'><strong>neque</strong></span> <span class='ocrx_word' id='word_1_105' title='bbox 274 3294 467 3394; x_wconf 89' lang='lat' dir='ltr'><strong>prudentem</strong></span> <span class='ocrx_word' id='word_1_106' title='bbox 486 3291 583 3366; x_wconf 90' lang='lat' dir='ltr'><strong>solari</strong></span> <span class='ocrx_word' id='word_1_107' title='bbox 600 3291 735 3366; x_wconf 86' lang='lat' dir='ltr'><strong>stultior</strong></span> <span class='ocrx_word' id='word_1_108' title='bbox 752 3293 874 3379; x_wconf 89' lang='lat' dir='ltr'><strong>ausim,</strong></span> 
     </span>
    </p>
   </div>
   <div class='ocr_carea' id='block_1_10' title="bbox 61 3446 1184 4247">
    <p class='ocr_par' dir='ltr' id='par_1_11' title="bbox 61 3446 1184 4247">
     <span class='ocr_line' id='line_1_22' title="bbox 98 3446 1127 3519; baseline 0.003 -9"><span class='ocrx_word' id='word_1_109' title='bbox 98 3459 118 3498; x_wconf 54' lang='grc' dir='ltr'><strong><em>ἕ</em></strong></span> <span class='ocrx_word' id='word_1_110' title='bbox 130 3456 275 3511; x_wconf 64' lang='lat' dir='ltr'><strong>Generum.</strong></span> <span class='ocrx_word' id='word_1_111' title='bbox 288 3458 306 3510; x_wconf 89' lang='lat' dir='ltr'>J</span> <span class='ocrx_word' id='word_1_112' title='bbox 309 3457 385 3519; x_wconf 87' lang='lat' dir='ltr'><strong>nnius</strong></span> <span class='ocrx_word' id='word_1_113' title='bbox 394 3456 478 3509; x_wconf 91' lang='lat' dir='ltr'><strong>Gallio</strong></span> <span class='ocrx_word' id='word_1_114' title='bbox 491 3456 577 3509; x_wconf 87' lang='lat' dir='ltr'><strong>dictus·</strong></span> <span class='ocrx_word' id='word_1_115' title='bbox 623 3454 736 3510; x_wconf 80' lang='lat' dir='ltr'><strong>Tacitus.</strong></span> <span class='ocrx_word' id='word_1_116' title='bbox 746 3455 964 3512; x_wconf 47' lang='lat' dir='ltr'><strong>H1-Gallionem</strong></span> <span class='ocrx_word' id='word_1_117' title='bbox 972 3446 1127 3514; x_wconf 81' lang='lat' dir='ltr'><strong>familiarem</strong></span> 
     </span>
     <span class='ocr_line' id='line_1_23' title="bbox 66 3534 1129 3604; baseline 0.005 -15"><span class='ocrx_word' id='word_1_118' title='bbox 66 3537 156 3589; x_wconf 75' lang='lat' dir='ltr'><strong>cattis</strong></span> <span class='ocrx_word' id='word_1_119' title='bbox 169 3535 300 3603; x_wconf 86' lang='lat' dir='ltr'><strong>adoptavit</strong></span> <span class='ocrx_word' id='word_1_120' title='bbox 316 3535 355 3586; x_wconf 88' lang='lat' dir='ltr'><strong>M.</strong></span> <span class='ocrx_word' id='word_1_121' title='bbox 372 3536 502 3586; x_wconf 79' lang='lat' dir='ltr'><strong>Annaeum</strong></span> <span class='ocrx_word' id='word_1_122' title='bbox 515 3535 573 3587; x_wconf 85' lang='lat' dir='ltr'><strong>No·</strong></span> <span class='ocrx_word' id='word_1_123' title='bbox 622 3534 700 3588; x_wconf 82' lang='lat' dir='ltr'><strong>luisse</strong></span> <span class='ocrx_word' id='word_1_124' title='bbox 714 3535 811 3588; x_wconf 89' lang='lat' dir='ltr'><strong>Nasoni</strong></span> <span class='ocrx_word' id='word_1_125' title='bbox 828 3536 934 3604; x_wconf 85' lang='lat' dir='ltr'><strong>adparet</strong></span> <span class='ocrx_word' id='word_1_126' title='bbox 951 3558 981 3590; x_wconf 82' lang='lat' dir='ltr'><strong>ex</strong></span> <span class='ocrx_word' id='word_1_127' title='bbox 996 3538 1102 3593; x_wconf 72' lang='lat' dir='ltr'><strong>Senecae</strong></span> <span class='ocrx_word' id='word_1_128' title='bbox 1116 3541 1129 3593; x_wconf 90' lang='lat' dir='ltr'><strong>l</strong></span> 
     </span>
     <span class='ocr_line' id='line_1_24' title="bbox 67 3609 1128 3679; baseline 0.001 -13"><span class='ocrx_word' id='word_1_129' title='bbox 67 3624 173 3679; x_wconf 84' lang='lat' dir='ltr'><strong>vatum,</strong></span> <span class='ocrx_word' id='word_1_130' title='bbox 186 3613 294 3666; x_wconf 86' lang='lat' dir='ltr'><strong>Senecae</strong></span> <span class='ocrx_word' id='word_1_131' title='bbox 305 3613 429 3677; x_wconf 79' lang='lat' dir='ltr'><strong>fratrem,</strong></span> <span class='ocrx_word' id='word_1_132' title='bbox 440 3611 483 3679; x_wconf 90' lang='lat' dir='ltr'><strong>qui</strong></span> <span class='ocrx_word' id='word_1_133' title='bbox 492 3609 573 3664; x_wconf 83' lang='lat' dir='ltr'><strong>exillo</strong></span> <span class='ocrx_word' id='word_1_134' title='bbox 622 3610 742 3677; x_wconf 70' lang='lat' dir='ltr'><strong>Suasom,</strong></span> <span class='ocrx_word' id='word_1_135' title='bbox 760 3615 905 3667; x_wconf 68' lang='lat' dir='ltr'><strong>decantem</strong></span> <span class='ocrx_word' id='word_1_136' title='bbox 924 3617 1024 3666; x_wconf 79' lang='lat' dir='ltr'><strong>dicebat</strong></span> <span class='ocrx_word' id='word_1_137' title='bbox 1040 3619 1128 3668; x_wconf 81' lang='lat' dir='ltr'><strong>Gallr&#39;o</strong></span> 
     </span>
     <span class='ocr_line' id='line_1_25' title="bbox 66 3688 1127 3757; baseline 0 -12"><span class='ocrx_word' id='word_1_138' title='bbox 66 3691 166 3745; x_wconf 78' lang='lat' dir='ltr'><strong>Junius</strong></span> <span class='ocrx_word' id='word_1_139' title='bbox 182 3690 267 3743; x_wconf 86' lang='lat' dir='ltr'><strong>Gallio</strong></span> <span class='ocrx_word' id='word_1_140' title='bbox 281 3701 319 3743; x_wconf 86' lang='lat' dir='ltr'><strong>est</strong></span> <span class='ocrx_word' id='word_1_141' title='bbox 336 3689 425 3743; x_wconf 88' lang='lat' dir='ltr'><strong>dictus.</strong></span> <span class='ocrx_word' id='word_1_142' title='bbox 442 3689 574 3742; x_wconf 85' lang='lat' dir='ltr'><strong>Eusebia·</strong></span> <span class='ocrx_word' id='word_1_143' title='bbox 621 3688 724 3740; x_wconf 68' lang='lat' dir='ltr'><strong>Nasoni</strong></span> <span class='ocrx_word' id='word_1_144' title='bbox 738 3709 784 3741; x_wconf 86' lang='lat' dir='ltr'><strong>suo</strong></span> <span class='ocrx_word' id='word_1_145' title='bbox 802 3695 877 3742; x_wconf 85' lang='lat' dir='ltr'><strong>valde</strong></span> <span class='ocrx_word' id='word_1_146' title='bbox 892 3694 1045 3757; x_wconf 55' lang='lat' dir='ltr'><strong>praemissu</strong></span> <span class='ocrx_word' id='word_1_147' title='bbox 1068 3693 1127 3745; x_wconf 85' lang='lat' dir='ltr'><strong>vide</strong></span> 
     </span>
     <span class='ocr_line' id='line_1_26' title="bbox 66 3767 1096 3840; baseline 0.001 -18"><span class='ocrx_word' id='word_1_148' title='bbox 66 3788 134 3822; x_wconf 88' lang='lat' dir='ltr'><strong>num</strong></span> <span class='ocrx_word' id='word_1_149' title='bbox 141 3767 293 3822; x_wconf 87' lang='lat' dir='ltr'><strong>Chronicon</strong></span> <span class='ocrx_word' id='word_1_150' title='bbox 303 3769 334 3820; x_wconf 90' lang='grc' dir='ltr'><strong>Β.</strong></span> <span class='ocrx_word' id='word_1_151' title='bbox 342 3767 499 3838; x_wconf 79' lang='lat' dir='ltr'><strong>Hieronymi</strong></span> <span class='ocrx_word' id='word_1_152' title='bbox 509 3807 516 3834; x_wconf 93' lang='lat'><strong>,</strong></span> <span class='ocrx_word' id='word_1_153' title='bbox 528 3770 575 3818; x_wconf 85' lang='lat' dir='ltr'><strong>Ju-</strong></span> <span class='ocrx_word' id='word_1_154' title='bbox 623 3768 728 3821; x_wconf 85' lang='lat' dir='ltr'><strong>Reines.</strong></span> <span class='ocrx_word' id='word_1_155' title='bbox 742 3769 772 3821; x_wconf 92' lang='lat' dir='ltr'><strong>ad</strong></span> <span class='ocrx_word' id='word_1_156' title='bbox 787 3771 852 3822; x_wconf 87' lang='lat' dir='ltr'><strong>lusc.</strong></span> <span class='ocrx_word' id='word_1_157' title='bbox 864 3767 931 3835; x_wconf 84' lang='lat' dir='ltr'><strong>cll,</strong></span> <span class='ocrx_word' id='word_1_158' title='bbox 943 3790 991 3840; x_wconf 79' lang='lat' dir='ltr'><strong>qq,</strong></span> <span class='ocrx_word' id='word_1_159' title='bbox 1007 3789 1030 3837; x_wconf 86' lang='lat' dir='ltr'><strong>p.</strong></span> <span class='ocrx_word' id='word_1_160' title='bbox 1042 3772 1096 3840; x_wconf 86' lang='lat'><strong>137.</strong></span> 
     </span>
     <span class='ocr_line' id='line_1_27' title="bbox 66 3847 1130 3913; baseline -0.001 -13"><span class='ocrx_word' id='word_1_161' title='bbox 66 3850 128 3900; x_wconf 67' lang='lat' dir='ltr'><strong>utus</strong></span> <span class='ocrx_word' id='word_1_162' title='bbox 136 3849 239 3905; x_wconf 81' lang='lat' dir='ltr'><strong>Gallio,</strong></span> <span class='ocrx_word' id='word_1_163' title='bbox 251 3847 337 3913; x_wconf 77' lang='lat' dir='ltr'><strong>stater</strong></span> <span class='ocrx_word' id='word_1_164' title='bbox 346 3847 452 3904; x_wconf 73' lang='lat' dir='ltr'><strong>Senecae,</strong></span> <span class='ocrx_word' id='word_1_165' title='bbox 465 3851 576 3913; x_wconf 66' lang='lat' dir='ltr'><strong>egregius</strong></span> <span class='ocrx_word' id='word_1_166' title='bbox 656 3847 679 3899; x_wconf 81' lang='lat'><strong>3.</strong></span> <span class='ocrx_word' id='word_1_167' title='bbox 704 3851 807 3900; x_wconf 80' lang='lat' dir='ltr'><strong>Coelesli</strong></span> <span class='ocrx_word' id='word_1_168' title='bbox 821 3848 929 3912; x_wconf 68' lang='lat' dir='ltr'><strong>cusptde.</strong></span> <span class='ocrx_word' id='word_1_169' title='bbox 951 3847 1049 3900; x_wconf 87' lang='lat' dir='ltr'><strong>Divino</strong></span> <span class='ocrx_word' id='word_1_170' title='bbox 1068 3850 1130 3902; x_wconf 86' lang='lat' dir='ltr'><strong>ictu.</strong></span> 
     </span>
     <span class='ocr_line' id='line_1_28' title="bbox 68 3924 1131 3993; baseline 0.005 -16"><span class='ocrx_word' id='word_1_171' title='bbox 68 3927 230 3978; x_wconf 77' lang='lat' dir='ltr'><strong>declamator.</strong></span> <span class='ocrx_word' id='word_1_172' title='bbox 242 3929 345 3990; x_wconf 71' lang='lat' dir='ltr'><strong>propriu</strong></span> <span class='ocrx_word' id='word_1_173' title='bbox 360 3942 387 3975; x_wconf 84' lang='lat' dir='ltr'><strong>se</strong></span> <span class='ocrx_word' id='word_1_174' title='bbox 402 3942 476 3974; x_wconf 83' lang='lat' dir='ltr'><strong>manu</strong></span> <span class='ocrx_word' id='word_1_175' title='bbox 494 3931 576 3975; x_wconf 72' lang='lat' dir='ltr'><strong>tuter·</strong></span> <span class='ocrx_word' id='word_1_176' title='bbox 625 3924 704 3975; x_wconf 79' lang='lat' dir='ltr'><strong>Mun.</strong></span> <span class='ocrx_word' id='word_1_177' title='bbox 716 3952 749 3964; x_wconf 91' lang='lat'><em>—</em></span> <span class='ocrx_word' id='word_1_178' title='bbox 761 3925 892 3988; x_wconf 69' lang='lat' dir='ltr'><strong>Cuspuem</strong></span> <span class='ocrx_word' id='word_1_179' title='bbox 905 3943 967 3993; x_wconf 82' lang='lat' dir='ltr'><strong>ergo</strong></span> <span class='ocrx_word' id='word_1_180' title='bbox 980 3937 1054 3979; x_wconf 87' lang='lat' dir='ltr'><strong>vocat</strong></span> <span class='ocrx_word' id='word_1_181' title='bbox 1070 3925 1131 3982; x_wconf 77' lang='lat' dir='ltr'><strong>Cte-</strong></span> 
     </span>
     <span class='ocr_line' id='line_1_29' title="bbox 61 3998 1044 4068; baseline 0.001 -15"><span class='ocrx_word' id='word_1_182' title='bbox 61 4001 145 4068; x_wconf 81' lang='lat' dir='ltr'><strong>secr&#39;t,</strong></span> <span class='ocrx_word' id='word_1_183' title='bbox 168 3999 252 4052; x_wconf 78' lang='lat' dir='ltr'><strong>refert</strong></span> <span class='ocrx_word' id='word_1_184' title='bbox 271 3999 301 4052; x_wconf 85' lang='lat' dir='ltr'><strong>ad</strong></span> <span class='ocrx_word' id='word_1_185' title='bbox 322 3998 438 4052; x_wconf 89' lang='lat' dir='ltr'><strong>eundem</strong></span> <span class='ocrx_word' id='word_1_186' title='bbox 459 4018 572 4064; x_wconf 82' lang='lat' dir='ltr'><strong>annum,</strong></span> <span class='ocrx_word' id='word_1_187' title='bbox 624 4000 688 4052; x_wconf 81' lang='lat' dir='ltr'><strong>saris</strong></span> <span class='ocrx_word' id='word_1_188' title='bbox 699 4000 821 4053; x_wconf 82' lang='lat' dir='ltr'><strong>adversus</strong></span> <span class='ocrx_word' id='word_1_189' title='bbox 832 4019 859 4051; x_wconf 86' lang='lat' dir='ltr'><strong>se</strong></span> <span class='ocrx_word' id='word_1_190' title='bbox 871 4001 944 4054; x_wconf 91' lang='lat' dir='ltr'><strong>iram.</strong></span> <span class='ocrx_word' id='word_1_191' title='bbox 958 4003 1044 4056; x_wconf 71' lang='lat' dir='ltr'><strong>Portu.</strong></span> 
     </span>
     <span class='ocr_line' id='line_1_30' title="bbox 69 4076 1184 4148; baseline 0.005 -18"><span class='ocrx_word' id='word_1_192' title='bbox 69 4095 124 4148; x_wconf 89' lang='lat' dir='ltr'><strong>quo</strong></span> <span class='ocrx_word' id='word_1_193' title='bbox 140 4076 260 4130; x_wconf 88' lang='lat' dir='ltr'><strong>Lucanus</strong></span> <span class='ocrx_word' id='word_1_194' title='bbox 274 4078 499 4145; x_wconf 75' lang='lat' dir='ltr'><strong>occubuitratqui</strong></span> <span class='ocrx_word' id='word_1_195' title='bbox 513 4076 578 4129; x_wconf 90' lang='lat' dir='ltr'><strong>Gal·</strong></span> <span class='ocrx_word' id='word_1_196' title='bbox 663 4097 691 4129; x_wconf 89' lang='lat' dir='ltr'><strong>ro</strong></span> <span class='ocrx_word' id='word_1_197' title='bbox 717 4079 883 4128; x_wconf 72' lang='lat' dir='ltr'><strong>Tuaaumna.</strong></span> <span class='ocrx_word' id='word_1_198' title='bbox 900 4078 994 4133; x_wconf 78' lang='lat' dir='ltr'><strong>Uxoris</strong></span> <span class='ocrx_word' id='word_1_199' title='bbox 1010 4092 1060 4136; x_wconf 81' lang='lat' dir='ltr'><strong>tuae</strong></span> <span class='ocrx_word' id='word_1_200' title='bbox 1075 4082 1134 4136; x_wconf 85' lang='lat' dir='ltr'><strong>obi-</strong></span> <span class='ocrx_word' id='word_1_201' title='bbox 1182 4078 1184 4084; x_wconf 61' lang='grc'>’</span> 
     </span>
     <span class='ocr_line' id='line_1_31' title="bbox 68 4151 1056 4247; baseline 0.004 -39"><span class='ocrx_word' id='word_1_202' title='bbox 68 4157 171 4208; x_wconf 80' lang='lat' dir='ltr'><strong>lienem</strong></span> <span class='ocrx_word' id='word_1_203' title='bbox 196 4155 304 4208; x_wconf 81' lang='lat' dir='ltr'><strong>Senecae</strong></span> <span class='ocrx_word' id='word_1_204' title='bbox 329 4155 494 4223; x_wconf 82' lang='lat' dir='ltr'><strong>superstitem</strong></span> <span class='ocrx_word' id='word_1_205' title='bbox 517 4151 579 4208; x_wconf 81' lang='lat' dir='ltr'><strong>lacit</strong></span> <span class='ocrx_word' id='word_1_206' title='bbox 627 4154 742 4224; x_wconf 84' lang='lat' dir='ltr'><strong>tus,qui</strong></span> <span class='ocrx_word' id='word_1_207' title='bbox 754 4153 801 4207; x_wconf 85' lang='lat' dir='ltr'><strong>tibi</strong></span> <span class='ocrx_word' id='word_1_208' title='bbox 814 4153 942 4210; x_wconf 86' lang='lat' dir='ltr'><strong>damnum</strong></span> <span class='ocrx_word' id='word_1_209' title='bbox 955 4158 1056 4247; x_wconf 68' lang='lat' dir='ltr'><strong>adtplit.</strong></span> 
     </span>
    </p>
   </div>
   <div class='ocr_carea' id='block_1_11' title="bbox 0 0 1322 4816">
    <p class='ocr_par' dir='ltr' id='par_1_12' title="bbox 0 0 1322 4816">
     <span class='ocr_line' id='line_1_32' title="bbox 0 0 1322 4816; baseline 0 0"><span class='ocrx_word' id='word_1_210' title='bbox 0 0 1322 4816; x_wconf 95' lang='lat' dir='ltr'><strong> </strong></span> 
     </span>
    </p>
   </div>
  </div>
 </body>
</html>
