2624 4816
120 393 393 465 amsuluu
420 397 516 463 Lus.
547 397 592 465 v.
621 397 766 467 usuc.
798 402 868 469 x1.
953 404 1019 499 237

99 582 1016 621 m

319 724 556 808 ELEGIA
584 726 664 812 XI.

407 900 552 916 ῃ

290 1069 700 1140 ARGUMENTUM.

99 1242 142 1301 ta,
162 1234 305 1305 conjugem
318 1236 350 1288 ab
361 1234 468 1289 inimico
479 1237 569 1306 jurgiis
581 1237 742 1304 lacessitam,
755 1239 900 1310 exsulisque
912 1260 1025 1298 uxorem

99 1329 148 1372 tam
161 1339 167 1372 ε
180 1339 292 1389 eamque
305 1320 439 1384 hortatur,
461 1332 492 1373 ut
502 1323 617 1391 patiatur
635 1323 724 1377 omnia
736 1342 742 1378 :
753 1321 809 1379 nou
826 1327 899 1380 enim
910 1330 1026 1385 exsulem

105 1402 249 1473 relegatum
261 1405 293 1457 ab
308 1405 427 1475 Augusto
440 1404 549 1458 dictum.

114 1605 145 1659 te
161 1585 274 1661 nescio
292 1591 366 1690 quis
384 1616 444 1689 per
456 1586 564 1687 jurgia
581 1588 702 1665 dixerit
719 1618 789 1666 esse

99 1702 140 1778 lis
156 1732 309 1792 uxorem,
330 1705 423 1778 litera
441 1724 556 1804 questa
577 1723 632 1779 tua
652 1724 709 1780 est.

102 1877 111 1907 ‚
132 1838 281 1894 nontam
300 1850 372 1894 mea
390 1820 479 1921 quod
498 1820 630 1894 fortuna
645 1819 729 1895 male
748 1822 860 1913 audit,

99 1938 158 2029 jam
176 1939 330 2011 consuevi
347 1938 478 2010 fortiter
496 1963 565 2011 esse
582 1938 701 2026 miser3

99 2055 183 2154 puia,
204 2055 256 2128 eui
276 2054 411 2127 minime
426 2053 561 2141 vellem,
581 2055 644 2127 sim
660 2083 757 2129 causa
773 2055 928 2157 pudoris,
1011 2081 1027 2131 5

99 2197 120 2242 e
137 2199 209 2243 rear
225 2171 350 2243 nostris
370 2169 540 2243 erubuisse
556 2168 660 2243 malis.

108 2305 140 2359 et
159 2286 288 2359 obdura
303 2315 310 2359 :
325 2285 430 2358 mullo
449 2286 599 2380 graviora
609 2284 737 2372 tulisti,

99 2429 124 2472 u
139 2427 191 2472 me
209 2399 377 2500 subripuit
394 2399 554 2500 principis
571 2399 619 2472 ira
636 2400 708 2472 tibi.

114 2520 175 2592 iste
194 2536 320 2606 tamen,
340 2520 405 2617 quo
419 2515 528 2615 judice
545 2515 699 2588 nominor
716 2512 831 2588 exsul:

98 2635 147 2708 ior
162 2651 212 2706 est
228 2632 358 2732 culpam
375 2659 472 2734 poeua
487 2648 597 2704 secuta
613 2658 727 2704 meam.
997 2669 1026 2705 ιο

99 2781 105 2821 ι
123 2777 220 2850 poena
237 2746 319 2820 mihi
338 2765 406 2834 est,
426 2747 535 2847 ipsum
555 2744 748 2833 offendisse3
766 2743 926 2845 priusque

99 2882 164 2938 sset
180 2860 310 2938 mallem
327 2863 451 2937 funeris
468 2864 548 2936 hora
566 2862 658 2936 mihi.

108 3002 216 3056 tamen
232 3000 345 3055 nostra
362 2999 431 3070 est,
449 3009 517 3054 non
535 2981 655 3068 fracta,
672 3007 732 3051 nec
750 2979 868 3053 obruta
886 2982 1027 3082 puppis;

99 3160 171 3224 ’quis
180 3154 223 3207 Sic
230 3163 466 3223 percontemptum
515 3171 557 3205 sus
566 3151 611 3217 28,
628 3151 701 3221 Eleg‚
717 3168 757 3204 ¹11
770 3153 874 3221 :Siqua
884 3155 927 3206 dia
938 3172 946 3206 :
956 3152 1028 3208 nulla

99 3253 119 3286 ie
144 3232 215 3302 loqui
236 3232 362 3295 solemus,
383 3251 466 3300 quum
518 3228 611 3281 lacuna
626 3228 722 3282 relicta.

99 3356 101 3363 ,
114 3330 194 3381 quem
207 3309 366 3364 aestimemus
374 3311 468 3363 nomi·
555 3325 593 3358 ιι.
606 3308 702 3373 Ipsum.
715 3305 762 3358 Me
778 3305 920 3361 offendisse
934 3305 1028 3361 Caesa-

522 3404 588 3438 rem.

99 3487 120 3519 m
133 3469 203 3536 quod
217 3472 261 3520 cai
268 3470 367 3519 mimine
382 3469 470 3517 uellem
555 3465 592 3518 13.
609 3466 710 3530 Quassa
725 3473 809 3519 iumen
820 3475 907 3519 nostra
915 3462 969 3531 esi,
981 3485 1029 3518 aec

99 3545 219 3610 ipudouls.
232 3546 313 3609 Quam
319 3548 391 3612 qaia,
404 3561 471 3595 nou·
519 3561 612 3602 mersa,
625 3547 779 3607 aecobruta,
795 3548 875 3596 navis.
885 3546 941 3596 Noa
949 3561 1030 3595 mersa

99 3620 253 3686 melioribus,
266 3631 293 3673 et
307 3626 371 3683 πίννη
389 3640 469 3689 quare
518 3619 1030 3690 scripti:sexetiampappz'sebeueetiam

99 3719 105 3750 ι
117 3699 236 3768 proximo
247 3719 322 3753 versu
335 3711 374 3754 est
385 3701 470 3770 legen·
519 3719 557 3769 pr.
566 3696 674 3751 Palaaa
675 3699 776 3766 fracta,
782 3701 861 3752 uehis
869 3698 940 3751 idem
946 3698 1029 3755 dicat:

99 3793 147 3830 [us.
519 3775 598 3830 sedet
606 3780 631 3830 eb
638 3786 721 3829 tamea
731 3787 879 3844 suspectum
887 3787 935 3844 est,
945 3797 1030 3846 quum

99 3855 288 3920 pisitaPrim,
300 3856 470 3924 Politetopt.
518 3853 545 3906 id
568 3872 629 3905 mox
649 3872 727 3906 versu
746 3854 866 3922 sequenti
888 3866 1030 3924 repetatur.

99 3936 168 3985 dicis.
180 3933 250 4002 Lege
261 3938 372 3987 vindicis
386 3953 470 3991 enam
519 3929 627 3996 Scn'be,
641 3951 655 3977 ε(
674 3930 776 3997 Quassa
789 3931 855 3981 mari
872 3941 962 3983 nostra
975 3943 1030 4001 est,

99 4012 182 4080 pastui.
195 4012 232 4063 H.
518 4028 575 4062 uon
587 4009 686 4075 fracia,
697 4027 746 4061 nec
755 4008 849 4060 obruta
859 4011 958 4080 puppis.
969 4034 982 4058 u
995 4012 1032 4065 H.

99 4093 141 4142 'lar
151 4094 200 4141 iste
211 4098 302 4141 tamea.
319 4092 367 4141 Ille
379 4089 433 4142 duo
443 4100 470 4142 et
518 4116 551 4128 -
565 4091 757 4154 Quassatam
765 4124 773 4152 ,
781 4096 829 4140 ete.
841 4088 902 4141 Hoc
913 4089 1031 4143 exsilium

99 4187 119 4234 ι,
132 4167 222 4236 inquo
235 4167 392 4234 sequebatur
404 4186 469 4221 ver·
522 4179 561 4221 est
570 4167 636 4221 mihi
644 4166 727 4220 instar
736 4165 867 4235 proeellae,
877 4187 928 4237 qua
935 4171 1034 4239 agitor,
