2624 4816
129 415 147 480 3
398 416 438 482 Ρ.
467 417 644 487 OVIDII
670 416 903 488 NASONIS

115 554 429 656 Quantumcumque
438 571 554 629 'tamen
568 553 733 657 praeconia
745 575 861 632 nostra
875 556 1032 634 valebunt
1038 581 1051 651 ,'
1154 582 1186 637 35

165 669 377 746 Carminibus
395 669 483 745 vives
501 691 632 773 tempus
650 673 685 745 in
703 699 799 747 omne
817 668 911 750 meis.

127 850 453 868 ——n——anntq

457 989 693 1076 ELEGIA
720 993 833 1078 vll.

440 1250 849 1387 aauuuuurun.

116 1465 241 1520 Amicum
262 1464 388 1519 admonet
400 1476 498 1535 poeta,
516 1476 547 1519 ut
562 1483 675 1535 gemme
686 1463 781 1518 faciem
798 1484 872 1518 suam
889 1466 1044 1537 insculptam
1060 1467 1187 1539 intuens,

150 1550 207 1619 ejus
220 1549 300 1603 exsilii
316 1549 488 1615 recordetur,
503 1547 644 1617 dematque
663 1548 700 1601 illi
717 1568 842 1602 coronam
863 1570 895 1603 ex
913 1549 1011 1604 hedera
1031 1571 1038 1605 :
1056 1552 1187 1622 siquidem

146 1634 299 1704 hujusmodi
307 1635 419 1706 insignia
426 1633 588 1689 conveniunt
595 1632 713 1687 felicibus
720 1635 811 1704 poetis.
818 1636 931 1690 Mandat
940 1647 1040 1704 tamen,
1049 1640 1187 1711 insculpta

50 1724 55 1733 ⁸
147 1719 269 1788 imaginis
281 1717 356 1785 loco,
370 1718 471 1787 legatur
482 1735 548 1788 opus
559 1716 810 1786 Metamorphoseon
824 1719 851 1771 in
862 1719 1017 1788 quindecim
1027 1722 1128 1778 libellos
1140 1724 1187 1778 di-

149 1813 251 1874 gestum
265 1821 348 1871 :quos
360 1801 478 1871 quamvis
492 1801 546 1870 ipse
559 1801 588 1854 in
600 1800 718 1854 exsilium
734 1802 915 1872 proficiscens,
935 1805 963 1859 in
980 1806 1070 1876 ignem
1086 1810 1187 1880 conje-

149 1886 230 1952 cerit,
251 1896 341 1939 tamen
362 1884 468 1939 eosdem
487 1884 605 1954 pluribus
626 1883 749 1954 exemplis
767 1886 926 1956 conscriptos
944 1898 1042 1942 exstare
1057 1889 1188 1962 intelligit.

150 1969 290 2023 Postremo
299 1989 343 2022 sex
353 1989 442 2023 versus
449 1967 560 2022 mandat
569 1967 695 2022 conscribi
706 1966 734 2020 iu
743 1970 828 2038 prima
836 1969 914 2023 libelli
921 1970 1011 2024 lronte
1023 1990 1029 2025 :
1039 1992 1093 2042 quo
1103 1972 1186 2028 lector

147 2051 338 2120 admoneatur,
357 2051 422 2106 illud
437 2071 502 2122 opus
519 2051 721 2106 inemendatum
732 2051 883 2122 subitaejus
894 2056 1110 2110 consternatione
1126 2058 1185 2112 cir-

148 2137 284 2191 cumlerri.

115 2288 167 2394 SI
186 2318 262 2420 quis
278 2316 381 2391 habes
397 2317 504 2391 nostri
520 2317 643 2401 similes
658 2319 694 2392 in
709 2317 850 2415 imagine
866 2317 997 2412 vultus,

122 2527 131 2536 .
162 2439 267 2511 llerne
283 2435 363 2510 meis
379 2435 534 2523 hederas,
554 2435 714 2510 Bacchica
730 2453 834 2527 serta,
848 2438 961 2511 comis

113 2559 183 2631 Ista
199 2555 317 2630 decent
332 2553 426 2627 laetos
441 2547 546 2625 felicia
563 2551 657 2648 signa
674 2570 810 2652 poetas:

161 2671 386 2770 Temporibus
403 2697 472 2742 non
488 2686 539 2743 est
554 2687 630 2769 apta
646 2696 768 2742 corona
784 2667 874 2742 meis.

114 2788 193 2861 Haec
209 2786 271 2859 tihi
289 2784 496 2873 dissimulas,
515 2785 617 2860 sentis
635 2802 763 2872 tamen,
782 2785 925 2886 optime,
947 2783 1031 2873 dici,
1167 2807 1185 2859 5

163 2903 204 2974 ln
220 2901 326 2995 digito
343 2901 401 3000 qui
417 2929 468 2975 me
481 2900 613 3001 sorsque
630 2900 795 3000 refersque
813 2916 890 2987 tuo;
945 2942 948 2949 =

148 3110 170 3143 ι.
183 3091 284 3145 Nostris
298 3091 401 3142 similes.
412 3089 503 3140 Nostri
510 3105 555 3140 sex
564 3105 625 3138 me-
707 3091 730 3141 5.
744 3088 806 3139 Haec
821 3089 871 3138 tibi
884 3088 1032 3147 dr'ssr'mrrla,
1047 3089 1126 3139 sentis
1139 3095 1185 3140 ia-

113 3168 210 3234 liores,
232 3177 260 3219 et
276 3186 337 3218 mox
354 3168 472 3218 Bracchia
490 3173 559 3218 serto
575 3182 624 3231 pre
672 3183 728 3217 rrrerr
736 3169 820 3216 omnio
827 3168 886 3216 dici.
892 3163 1110 3233 Scriptiplerique
1120 3184 1190 3220 curu-

113 3248 253 3300 Bocchico.
266 3245 366 3298 Huius.
378 3271 411 3282 -
421 3245 451 3296 Irr
462 3247 578 3308 imagine
592 3243 624 3294 ln
673 3242 764 3311 primis
782 3241 940 3295 editionibus
956 3249 1024 3295 senti
1034 3253 1116 3297 tamen
1132 3265 1184 3312 op-

115 3324 203 3393 effigie
214 3323 472 3392 gemmaeinsculpta;
488 3320 624 3373 videPlin.
672 3327 732 3375 tirrrr
748 3325 812 3380 dici,
834 3331 861 3374 et
881 3323 929 3374 hoc
946 3339 994 3390 pro
1013 3325 1072 3374 doc.
1093 3322 1183 3391 Lege:

116 3407 146 3473 l,
158 3407 199 3474 37.
218 3405 257 3457 Ex
269 3402 366 3456 hedera
378 3404 449 3456 enim
462 3413 546 3471 poetae
558 3401 624 3470 elegi
674 3423 688 3448 a
697 3403 757 3456 Hoc
766 3402 811 3454 tihi
819 3401 978 3466 dissimulas,
987 3400 1067 3454 sentis
1075 3412 1187 3471 tamen,

114 3485 322 3548 coronabantur,
343 3482 409 3534 sicut
422 3502 452 3534 eu
465 3501 563 3550 quercu
578 3481 625 3534 he·
673 3483 791 3551 optime,
810 3479 868 3533 dici.
885 3503 898 3525 »
917 3479 1017 3532 Huius.
1037 3508 1070 3519 -
1086 3483 1184 3534 nissi-

115 3568 188 3620 roici.
201 3563 369 3634 Propertius:
384 3585 397 3609 «
410 3563 513 3615 Ennius
525 3562 624 3615 hirsuta
673 3565 748 3614 mola.
761 3560 843 3629 Finge
860 3559 916 3611 haec
932 3567 987 3610 non
1002 3557 1052 3611 diei
1066 3559 1130 3625 tibi,
1147 3579 1184 3613 ne

115 3645 202 3714 cingat
219 3663 265 3698 sua
283 3642 351 3695 dieta
367 3659 485 3707 corona,
506 3641 547 3694 Mi
563 3639 624 3693 lolia
674 3643 824 3710 Augustum
836 3637 919 3692 laedas.
932 3640 1118 3702 Sentistamerr,
1131 3659 1184 3706 op-

114 3745 146 3779 ex
159 3725 257 3778 hedera
271 3723 394 3794 porrige,
413 3722 513 3775 Bacche
525 3762 532 3788 ,
543 3731 596 3774 tua.
609 3743 624 3768 r»
673 3725 738 3773 time.
748 3717 873 3785 Intelligis
882 3727 970 3769 tanuen
982 3756 989 3783 ,
1003 3717 1101 3786 optime
1115 3717 1185 3770 arni-

115 3802 159 3856 De
171 3803 269 3856 hedera
280 3803 359 3873 legito
370 3801 437 3854 Plin.
450 3800 493 3853 lib.
502 3800 583 3864 xv1‚
598 3809 625 3852 et
673 3819 713 3864 ce,
725 3817 768 3851 me
783 3797 828 3851 tihi
840 3797 895 3851 haec
907 3796 1001 3850 dicere.

112 3879 344 3948 Theophrastum,
357 3879 400 3931 lib.
415 3877 465 3932 Ill.
704 3877 731 3930 h.
752 3880 804 3943 Qui
816 3893 854 3927 me
862 3874 966 3944 ftrsquc
981 3873 1111 3943 refersque.
1125 3876 1184 3945 Qui

149 3960 172 4024 4.
190 3961 349 4023 Temporibus
362 3962 442 4019 mrr's;
459 3972 520 4007 meo
530 3952 623 4022 capiti,
672 3954 727 4008 fers
739 3964 766 4006 et
777 3964 962 4020 representas,
978 3963 1023 4005 aut
1034 3953 1078 4022 qui
1089 3953 1144 4007 fers
1156 3962 1185 4008 et

116 4045 214 4105 aparte
223 4039 374 4091 totumaoerol
382 4039 527 4102 συνεκθνχὴν.
535 4033 625 4085 Falsus
674 4031 786 4086 extrahis
795 4033 940 4101 annulum,
954 4033 980 4086 in
994 4051 1046 4102 quo
1058 4043 1096 4087 est
1106 4032 1184 4101 germ

116 4127 155 4170 est
165 4115 208 4172 hie
221 4114 344 4182 Merula,
364 4117 410 4186 qui
424 4113 566 4171 diomede
580 4130 626 4170 ox·
674 4128 717 4164 ma
730 4110 828 4164 habens
839 4111 925 4164 vultus
938 4130 1011 4165 meos
1022 4111 1181 4180 insculptosg

117 4194 200 4264 ponit.
213 4190 332 4248 C10ran.
672 4189 733 4246 vide
743 4190 1133 4262 Macrot.sarum.tib.vl1,c.
1142 4192 1180 4246 13.
