2624 4816
259 113 328 181 EX
352 111 539 180 PONTO
561 114 663 182 LIB.
690 114 721 180 1.
745 113 915 182 EPIST.
941 117 1057 185 VIII.
1118 119 1191 231 „³⁰¹-

173 253 221 324 Et
237 251 327 338 voti,
347 278 478 351 queso,
495 251 653 325 contrahe
666 249 811 327 relatui.

121 365 235 440 Terra
251 364 348 440 velim
362 365 516 466 propior,
534 364 683 467 nullique
699 368 846 442 obnoxia
860 368 949 444 beIIo

176 484 305 572 Detur3
324 483 389 557 erit
400 482 527 557 nostris
542 511 621 584 pars
636 483 725 558 bona
739 485 848 560 demta
861 485 965 563 malis.

116 654 213 725 petis?
224 678 237 702 ν
251 656 377 710 lt-At
388 661 491 709 nimium
503 662 550 709 est.
563 654 636 724 Quia
685 655 812 711 Hor.0d.
822 656 860 727 II,
869 677 896 725 x,
905 664 936 726 ²4
946 679 973 714 :s
983 657 1198 718 contrahemu-

114 753 266 802 nunquam
279 733 325 786 tibi
342 733 472 803 praestabit
486 733 635 803 Augustus,
688 743 717 787 to
728 733 842 788 nimium
851 735 1094 808 secundoTurqida
1106 739 1172 793 veta.
1181 762 1197 788 a

114 823 150 866 ut
168 813 303 883 relegatus
320 813 348 866 in
366 832 458 884 agrum
474 822 552 866 tuum
568 832 637 883 per·
723 813 761 880 74.
778 815 845 865 Pars
856 816 929 864 bona.
943 812 1042 883 Magna
1057 833 1123 884 pars.
1137 814 1197 870 Te-

113 890 241 943 veniam.
686 889 786 942 rentius
801 899 944 958 utrumque
961 889 1056 962 jungit.
1075 891 1198 947 Eunuch.

158 990 202 1040 7²·
216 972 256 1025 E!
266 971 385 1023 contrahe
397 972 455 1023 vela
471 973 513 1022 tar·
523 973 584 1022 vota
603 968 638 1023 Et
688 968 717 1034 1,
728 987 742 1020 a
753 985 782 1020 a«
792 966 862 1020 Nam
872 967 915 1021 hic
923 987 1029 1038 quoque
1037 969 1136 1025 bonam
1144 988 1197 1025 ma·

112 1047 176 1102 voti
198 1047 239 1101 tui
258 1046 418 1101 desiderium
440 1045 576 1116 restringe.
594 1045 638 1099 Sic
687 1063 819 1115 quamque
829 1055 931 1115 partem
944 1045 977 1099 ad
988 1056 1014 1102 te
1025 1047 1148 1101 adtulit.»

121 1209 1194 1243 m

455 1321 765 1407 EPISTOLA
792 1322 872 1407 lx.

546 1655 781 1731 MAXIMO.

477 1953 840 2016 ARGUMENTUII.

124 2086 213 2141 Poeta
233 2085 313 2140 Celso
332 2085 474 2150 defuncto,
489 2089 564 2157 cujus
585 2101 702 2144 mortem
719 2091 888 2143 nuntiaverat
906 2089 1054 2158 Maximus,
1072 2090 1198 2164 lacrymas

157 2167 231 2223 libat
247 2171 273 2224 Is
288 2168 437 2222 Maximum
452 2171 629 2239 prestiturum
642 2170 735 2226 auxilia
748 2173 904 2243 promiserat
919 2192 926 2227 a
939 2192 998 2242 quse
1014 2173 1091 2228 amici
1101 2174 1198 2239 verba,

158 2274 196 2310 ne
208 2254 312 2309 fuerint
323 2274 406 2322 vana,
421 2267 549 2326 precatur.

130 2382 248 2512 QUAE
264 2411 346 2486 mihi
362 2412 402 2488 de
417 2432 514 2515 rapto
532 2433 589 2488 tua
607 2416 697 2491 venit
713 2415 855 2517 epistola
872 2414 986 2503 Celso,

174 2530 335 2604 Protinus
354 2547 403 2605 est
420 2529 575 2632 lacrymis
589 2531 727 2607 humida
742 2533 829 2606 sacta
843 2530 947 2606 meis:

127 2645 300 2748 Quodque
315 2646 407 2721 nefas
425 2646 537 2737 dictu,
554 2646 624 2722 fieri
642 2676 702 2721 nec
720 2676 818 2752 posse
832 2646 963 2750 putavi,

175 2762 297 2839 Invitis
313 2760 421 2838 oculis
437 2761 532 2839 litera
548 2761 632 2838 lecta
649 2781 704 2838 tua
722 2783 783 2839 est

128 2877 199 2961 Nec
212 2877 396 2980 quidquam
413 2877 455 2952 ad
471 2895 603 2953 nostras
618 2878 768 2981 pervenit
782 2878 933 2952 acerbius
947 2905 1059 2965 asmo,

176 2997 226 3069 Ut
241 2996 406 3070 sumusin
423 2997 550 3085 Ponto,
569 2996 803 3098 perveniatque
820 3024 947 3099 precor.

133 3109 220 3184 Ante
235 3138 329 3185 meos
345 3107 463 3184 oculos
483 3127 639 3211 tanquam
654 3111 825 3212 praesentis
842 3110 951 3206 imago

178 3227 310 3314 fleret,
329 3243 370 3300 et.
380 3225 577 3300 exstinctum
595 3225 699 3300 vivere
713 3225 810 3320 fingit
825 3255 926 3301 amor.

135 3339 223 3443 Saepe
233 3341 339 3416 refert
354 3340 483 3414 animus
501 3339 595 3414 lusus
612 3341 769 3437 gravimte
785 3360 949 3428 carentes;

179 3459 271 3549 Seria
287 3488 362 3534 cum
380 3456 506 3560 liquida
524 3485 610 3560 sepe
626 3477 756 3560 peracta
770 3458 846 3533 fide.
861 3540 863 3545 ‚
1166 3490 1195 3526 ιο

164 3637 187 3671 2.
194 3619 333 3692 lacrymat.
344 3619 433 3672 Oculis
441 3616 640 3688 ExcerptaVos·
687 3619 812 3671 -Lusus
832 3618 956 3684 gravatas
977 3619 1098 3667 camales.
1116 3609 1197 3684 Jocos

138 3691 174 3746 ¹ii
186 3695 275 3750 Nostri
287 3694 399 3761 melius,
415 3698 542 3765 lacrymis.
687 3695 745 3765 ejus
756 3694 867 3748 minime
879 3707 990 3744 seueros.

166 3774 189 3826 a·
201 3775 294 3828 Heres.
306 3773 368 3839 An,
386 3774 471 3824 Errat.
484 3771 582 3824 Boon.
614 3838 616 3843 ,
723 3769 761 3826 ro.
780 3774 842 3824 Cum
852 3770 950 3839 liquida
955 3769 1019 3838 fide.
1040 3765 1113 3842 Cum
1129 3788 1197 3840 pura

165 3855 265 3922 osope
276 3851 358 3922 refert.
372 3851 448 3923 Saepe
460 3860 638 3922 representat.
687 3859 795 3920 etv-certa
807 3848 868 3913 fide.
885 3909 891 3922 ,Ι
1180 3869 1184 3891 ι
