2624 4816
132 400 200 469 aad
417 399 456 465 P.
479 398 658 468 OVIDII
681 397 915 469 NASONIS

179 538 280 614 Absit
298 535 340 610 ab
359 536 475 610 invisis
493 555 527 611 et
541 555 649 611 tamen
668 539 786 614 umbra
803 537 907 614 loeisl

131 657 282 737 Carmina
300 654 390 755 quod
406 654 506 755 pleno
524 654 636 729 saltari
654 675 768 730 nostra
785 658 933 747 theatro,
1060 678 1064 683 '
1151 683 1174 735 ιι

179 769 340 846 Versibus
357 787 390 843 et
407 768 521 870 plaudi
540 771 678 858 scribis,
697 773 817 860 amice,
835 773 938 846 meis:
959 786 961 791 ’

128 888 185 964 Nil
202 886 353 988 equidem
369 886 450 973 feci,
469 903 506 958 tu
524 887 588 960 seis
604 886 667 959 hoe
684 887 775 987 ipse,
796 887 955 975 theatris3

176 1006 275 1078 Nlusa
292 1030 353 1074 nec
368 1002 403 1074 in
419 1000 555 1103 plausus
575 1003 751 1077 ambitiosa
768 1033 838 1078 mea
856 1024 915 1080 est.

127 1121 196 1194 Nec
216 1136 322 1192 tamen
341 1117 505 1212 ingratum
524 1136 590 1205 est,
612 1119 834 1222 quodcunque
854 1119 977 1197 oblivia
992 1126 1098 1200 nostri
1180 1158 1182 1163 ’

177 1232 341 1335 Impedit,
360 1251 392 1307 et
407 1234 543 1334 profugi
560 1263 681 1308 nomen
695 1235 729 1308 in
748 1266 806 1309 ora
823 1237 933 1311 refert.
1147 1260 1170 1313 tn

128 1350 288 1450 Quamvis
305 1350 492 1438 interdum,
513 1380 585 1450 qnae
601 1381 654 1425 me
671 1352 791 1426 lasisse
807 1353 978 1444 recordor,

176 1468 327 1543 Carmina
348 1468 507 1554 devoveo,
527 1467 739 1568 Pieridasque
757 1497 868 1552 meas:

127 1566 241 1680 Quum
259 1581 342 1654 bene
360 1579 493 1667 devovi,
510 1609 641 1680 nequeo
660 1599 768 1654 tamen
785 1609 856 1657 esse
873 1583 944 1657 sine
961 1581 1044 1672 illis,

173 1699 443 1796 l'ulueribusque
458 1696 539 1769 meis
556 1695 619 1769 tela
639 1715 774 1771 eruenta
791 1725 926 1798 sequor.
1036 1704 1039 1709 ’

125 1821 276 1917 Quaque
288 1813 388 1888 modo
407 1813 569 1886 Euboicis
587 1812 724 1887 lacerata
741 1833 791 1889 est
805 1814 978 1905 fluctibus,
996 1817 1092 1892 audet
1143 1834 1166 1887 tt

175 1930 274 2002 Graia
293 1928 493 2028 Caphaream
514 1955 643 2000 currere
660 1926 785 2028 puppis
804 1957 933 2030 aquam.

123 2049 193 2119 Nec
211 2061 319 2118 tamen
336 2060 375 2116 ut
392 2042 505 2116 lauder
521 2042 638 2136 vigilo,
660 2071 837 2144 curamque
855 2044 961 2120 futuri

172 2160 345 2248 Nominis,
363 2158 478 2232 utilius
493 2160 584 2259 quod
601 2159 767 2248 latuisset,
785 2189 858 2256 ago.

123 2355 200 2405 reterr's
210 2369 272 2404 cum
280 2348 448 2414 Richeliauo,
459 2367 585 2403 conversa
601 2348 634 2402 ad
716 2351 757 2402 35.
781 2352 863 2403 Graia
880 2352 1014 2416 Capherea
1025 2362 1168 2414 curarem·

124 2449 152 2483 se
164 2428 300 2494 oratione,
316 2437 345 2480 ut
364 2438 451 2480 metro
467 2427 633 2490 consulatur,
675 2433 722 2505 pis
737 2448 811 2496 aqua.
832 2430 990 2493 Capheream
1005 2431 1094 2496 aquam
1109 2421 1169 2496 prim·

125 2507 176 2560 nisi
194 2506 268 2559 malis
284 2510 364 2563 orbat.
385 2525 434 2557 non
448 2513 475 2558 et
491 2509 631 2569 meriritum
685 2505 769 2559 Vatie.
793 2504 920 2571 Combii,
944 2505 1133 2575 Rottendorplr.
1150 2506 1170 2548 ‘l

125 2603 173 2652 pro
182 2582 286 2636 urratin
294 2583 371 2652 prim.
381 2582 465 2636 Vatic.
483 2586 583 2636 Wiiues.
596 2583 632 2636 H.
682 2583 758 2637 multi
771 2582 812 2635 alii
831 2604 862 2636 ex
875 2583 1001 2652 antiquis,
1017 2594 1085 2638 utet
1101 2580 1173 2653 prist&

125 2662 179 2713 Pro
189 2671 228 2721 et,
251 2663 366 2711 sedeam
381 2658 511 2713 Oberlino
526 2659 632 2728 recepi·
681 2659 817 2713 editiones.
829 2661 910 2713 Beue.
920 2661 999 2713 Pont.
1008 2659 1052 2714 lib.
1061 2662 1084 2727 1,
1095 2659 1132 2712 Et.
1140 2663 1174 2709 1¹¹2

124 2757 200 2797 muse
214 2736 283 2804 quod
300 2747 327 2789 et
344 2736 482 2790 sententies
499 2747 526 2790 et
544 2747 631 2790 metro
681 2758 747 2791 vers.
761 2740 809 2806 75,
830 2757 861 2790 ex
872 2738 954 2790 veteri
967 2737 1076 2792 codice:
1092 2760 1105 2785 a
1124 2734 1178 2812 0¹¹⁰

122 2814 254 2868 convenit.
681 2816 746 2869 duce
766 2817 835 2868 trabs
858 2813 970 2867 Colchas
987 2834 1059 2867 sacra
1075 2807 1183 2870 cueurssl

156 2896 196 2944 25.
208 2895 287 2945 Pleno
306 2894 411 2944 theatro.
427 2891 527 2963 Magna
541 2892 631 2945 horni-
680 2912 773 2961 aquas,
784 2915 797 2938 a
805 2903 831 2945 et
840 2893 917 2944 Pont.
926 2891 963 2957 ll,
974 2891 1015 2944 El.
1023 2909 1063 2957 vt,
1075 2912 1101 2945 ιι
1111 2912 1149 2962 sq,
1158 2891 1187 2933 θ’

123 2989 189 3022 ιιιιιιι
212 2971 383 3040 frequentia,
411 2974 455 3041 qui
485 2972 630 3026 recitationi
681 2958 1193 3039 membranis:«Nuucmihiuaulragio

123 3066 246 3100 meorum
269 3051 418 3103 carminum
446 3051 580 3107 intersunt
603 3050 632 3104 in
682 3046 744 3115 quid
764 3046 871 3117 prodest
881 3046 981 3101 discere
995 3048 1082 3116 lacto,
1100 3044 1200 3120 Qtrt⁸¹a

124 3125 234 3181 theatro.
680 3144 740 3178 mea
748 3125 869 3178 debuerit
877 3108 1204 3198 currereeymbaviam?''

155 3224 196 3276 aq.
208 3206 265 3257 nan
278 3213 362 3259 tamen
372 3212 503 3274 ingratum.
515 3198 631 3260 Homini
680 3204 811 3256 Praeterea
822 3221 892 3254 unus
902 3202 1096 3272 Bononiensis,
1108 3195 1209 3259 uosff'

120 3283 237 3353 ingenuo
248 3281 383 3352 displicere
396 3303 452 3336 uon
469 3284 562 3350 debet,
576 3304 631 3338 rue·
674 3287 768 3350 puppis
775 3301 823 3350 pro
833 3284 1099 3352 Grar'eerquomodoet
1108 3285 1205 3341 Aeol*

122 3361 236 3415 moriam
246 3361 286 3415 sui
295 3362 382 3430 vigere
395 3361 465 3431 apud
477 3362 546 3415 alios.
679 3359 775 3413 delion.
786 3359 822 3411 H.
837 3362 994 3426 Capheream
1001 3383 1105 3431 aquam.
1115 3356 1209 3436 thrl²

151 3442 192 3494 32.
204 3442 363 3507 Pieridesque
378 3458 455 3492 areas.
467 3439 630 3510 Prerr'dasqae
679 3436 800 3506 ejusdem
813 3437 892 3489 maris
904 3437 996 3507 [Ἐκεῖ.
1011 3439 1099 3507 Quasi
1110 3439 1200 3497 ιίὶιιιι

120 3537 182 3572 cum
193 3516 301 3586 seriptis.
315 3516 352 3569 H.
680 3513 770 3566 Audet
792 3514 889 3567 iterum
913 3515 1037 3584 navigare
1056 3537 1107 3587 per
1128 3514 1209 3572 ittu⁴

150 3598 192 3663 34.
209 3598 403 3663 Velaeen‘besqee
411 3598 480 3647 ereis.
495 3594 567 3665 Ego,
578 3616 627 3651 ac·
677 3612 767 3658 mare,
780 3594 808 3646 in
817 3612 870 3663 quo
881 3595 961 3647 semel
970 3596 1145 3666 naufragium
1156 3598 1209 3651 fb

119 3675 203 3743 ceptis
221 3674 388 3739 vulneribus,
401 3673 573 3729 nihilomiuus
586 3687 627 3729 te·
675 3672 717 3725 cit
738 3672 786 3726 Est
798 3692 862 3726 vero
882 3676 1028 3741 Caphereus
1040 3695 1121 3731 mous
1139 3678 1209 3732 Εὐ

116 3751 147 3805 lis
157 3753 284 3822 sauguine
292 3771 353 3806 meo
359 3762 419 3806 ante
432 3755 574 3806 eruentatis
582 3773 625 3807 me
677 3751 759 3805 boicae
771 3752 882 3816 insula,
904 3752 1113 3822 Hellespontum
1132 3767 1209 3810 rer*

117 3829 213 3897 objicio
224 3841 252 3883 et
262 3828 366 3896 attero,
379 3829 445 3884 dum
456 3850 546 3884 versus
555 3832 625 3885 seri-
674 3851 725 3885 sus.
745 3832 855 3885 Adludit
869 3843 957 3885 autem
975 3845 1055 3902 poeta
1072 3835 1105 3888 ad
1119 3847 1209 3890 naal

116 3906 180 3960 bere
190 3927 247 3961 uon
257 3907 360 3961 desisto.
373 3909 403 3963 P.
674 3907 789 3979 fragium
801 3909 883 3974 illud,
898 3910 969 3978 quod
983 3910 1088 3979 Greci,
1106 3914 1209 3981 'l'rojffl

148 3984 188 4037 35.
195 3988 327 4039 Noctibus
334 3989 463 4042 Euboicis.
472 3984 561 4040 Undis
570 4005 625 4039 ma·
674 3987 817 4040 redeuntes
826 4026 835 4053 ,
845 3989 913 4041 circa
929 3987 1101 4058 Caphereum
1115 3993 1209 4047 leee‘

113 4060 259 4131 ris'AEgaei,
272 4063 343 4132 quod
357 4064 500 4120 Ereboiearu
513 4063 624 4117 insulam
672 4075 751 4128 runt,
761 4065 904 4119 insultante
912 4066 962 4118 illis
970 4068 1095 4138 Nauplio,
1106 4082 1209 4140 prop*

117 4137 196 4192 alluit.
674 4152 716 4194 ter
725 4142 825 4197 Mem
837 4143 993 4197 Palamedis.
1006 4146 1086 4201 Man
