2624 4816
238 401 518 473 TRISTIUM
538 404 639 470 LIB.
666 401 737 470 IV.
762 399 912 470 ELEG.
938 404 1061 472 VIII.
1120 406 1181 498 187

165 546 227 618 Me
243 572 378 644 quoque
394 542 510 616 donari
523 542 589 641 jam
603 541 703 630 rude3
722 559 852 643 tempus
870 561 959 618 erat:

116 663 266 760 Tempus
283 677 369 748 erat,
386 686 446 731 nec
463 686 515 732 me
532 659 741 759 peregrinum
758 658 875 732 ducere
891 657 1022 748 caelum,
1152 679 1184 732 25

168 776 238 850 Nec
255 775 373 849 siccam
393 775 508 849 Getico
524 776 616 849 fonte
633 773 740 848 levare
756 775 868 850 sitim:

118 891 184 965 sed
201 891 318 979 modo,
335 920 421 992 quos
437 892 561 979 habui,
580 919 718 966 vacuum
733 890 881 966 secedere
896 893 931 964 in
945 892 1081 982 hortos;

167 1008 266 1081 Nunc
281 1007 456 1080 hominum
471 1007 543 1082 visu
559 1037 674 1082 rursus
690 1025 724 1082 et
740 1009 821 1082 urbe
838 1009 916 1082 frui.

119 1123 196 1211 sic,
213 1122 322 1197 animo
341 1123 506 1223 quondam
523 1152 591 1197 non
609 1124 775 1200 divinante
789 1125 919 1215 firtura,

170 1238 340 1338 Optabam
357 1238 484 1340 placide
502 1242 607 1314 vivere
622 1269 722 1341 posse
741 1268 848 1314 senex.
876 1319 880 1328 ,
1154 1265 1188 1317 30

119 1353 201 1426 Fata
214 1373 464 1453 repugnarunt:
480 1383 571 1456 qua,
587 1385 690 1456 quum
702 1355 785 1429 mihi
803 1372 952 1458 tempora
969 1356 1076 1456 prima

170 1467 291 1544 Mollia
308 1470 525 1569 praebuerint,
542 1469 727 1571 posteriora
741 1487 885 1565 gravant.

120 1589 280 1687 Jamque,
299 1587 410 1662 decem
426 1587 539 1663 lustris
556 1589 648 1662 omni
665 1591 734 1662 sine
755 1587 829 1662 labe
848 1588 1009 1688 peractis,

170 1702 269 1775 Parte
284 1730 417 1801 premor
432 1701 506 1776 vitae
524 1703 685 1776 deteriore
702 1731 781 1776 meae
793 1727 814 1774 :·

122 1817 190 1888 Nec
207 1816 327 1917 procul
343 1847 362 1890 a
377 1819 491 1905 metis,
512 1847 593 1919 quas
611 1847 701 1920 paene
718 1838 828 1893 tenere
844 1818 993 1906 videbar,
1156 1834 1189 1890 35

173 1931 350 2005 Curriculo
369 1933 474 2028 gravis
491 1952 541 2008 est
557 1934 641 2008 sacta
657 1936 751 2008 ruina
768 1963 854 2008 meo.

123 2048 215 2143 Ergo
233 2047 328 2121 illum
346 2047 479 2122 demens
496 2050 531 2122 in
548 2080 600 2124 me
619 2052 729 2124 saevire
748 2051 862 2146 coegi,

173 2166 295 2239 Mitius
310 2166 490 2240 immensus
506 2195 573 2268 quo
590 2167 673 2239 nihil
691 2169 783 2241 orbis
798 2169 925 2241 habet?

122 2285 267 2385 Ipsaque
282 2281 408 2356 delictis
425 2283 509 2356 victa
527 2270 577 2357 est
594 2283 765 2358 clementia
781 2285 923 2372 nostris;

170 2402 242 2474 Nec
258 2416 366 2473 tamen
384 2400 488 2472 errori
506 2399 573 2472 vita
589 2416 705 2494 negata
722 2402 825 2472 meo?

122 2514 201 2588 Vita
218 2514 335 2616 procul
350 2515 456 2615 patria
471 2517 653 2616 peragenda
672 2515 735 2589 sub
752 2542 811 2589 axe
826 2518 956 2602 Boreo,

172 2628 251 2725 Qua
267 2628 366 2701 maris
382 2627 504 2701 Euxini
522 2647 608 2702 terra
625 2629 757 2704 sinistra
769 2630 865 2729 jacet.

124 2747 203 2819 Haec
216 2745 298 2817 mihi
314 2746 342 2819 si
355 2745 499 2846 Delphi,
519 2748 729 2846 Dodonaque
746 2747 869 2820 diceret
885 2746 976 2847 ipsa,

172 2864 256 2936 Esse
273 2859 850 2962 viderenturvanusuterquelocus.
1060 2850 1062 2855 ⁵

125 2975 181 3049 Nil
198 2976 280 3050 adeo
297 2975 440 3049 validum
456 2995 522 3063 est,
539 2975 670 3055 adamas
686 2975 764 3050 licet
781 2975 904 3072 adliget
917 2975 1023 3062 illud,
1158 2993 1192 3060 45

172 3093 222 3164 Ut
237 3109 367 3165 maneat
383 3091 500 3192 rapido
519 3090 647 3165 firmius
663 3091 742 3186 igne
754 3089 857 3163 Jovis.

125 3289 221 3344 milites
229 3289 376 3355 faciebant,
389 3288 435 3341 sed
447 3289 525 3342 etiam
537 3289 637 3358 gladia·
683 3289 758 3342 AEtas
766 3287 838 3340 enirn
851 3296 910 3356 post
920 3292 1020 3338 aumtrn
1030 3284 1193 3354 quinquage-

126 3379 203 3422 tores.
216 3368 308 3437 Quem
320 3384 424 3419 morem
439 3366 556 3436 designat
570 3368 635 3420 Ho-
683 3367 780 3420 slmum
792 3366 857 3420 solet
870 3384 925 3419 esse
937 3364 1061 3417 deterior.

125 3447 206 3501 ratius
215 3447 245 3499 in
255 3446 298 3501 lib.
311 3448 338 3510 I,
353 3446 435 3514 Epist.
445 3461 472 3511 1,
487 3448 543 3498 5:«
552 3447 636 3513 Veia·
716 3448 756 3511 4ι.
772 3445 918 3511 Peragenda
931 3447 978 3496 sub
993 3462 1043 3495 axe
1053 3444 1135 3494 Boreo
1146 3448 1192 3492 est.

126 3525 194 3591 nius,
204 3524 283 3578 armis
289 3524 410 3577 Herculis
418 3522 449 3575 ad
459 3533 561 3591 postem
569 3522 635 3590 fixis,
684 3522 759 3574 Tolle
769 3541 830 3574 cum
843 3521 994 3575 melioribus
1006 3518 1106 3586 scriptis
1114 3522 1139 3572 τὶ
1146 3527 1193 3569 est.

126 3601 188 3656 latet
200 3602 304 3656 abditus
316 3621 409 3670 agro.»
715 3603 755 3668 43.
763 3604 825 3655 Hoc
830 3604 896 3654 mihi
899 3603 1047 3667 simplos.
1055 3597 1124 3665 Lege
1130 3598 1193 3647 Del-

159 3702 200 3748 ²7·
210 3679 634 3749 Vacuossecedereiuhortos.tege
678 3682 729 3746 phi
737 3699 797 3732 cum
809 3699 848 3748 pr.
859 3679 937 3732 Polit.
949 3674 1082 3745 quomodo
1092 3685 1119 3727 et
1128 3673 1194 3726 sca-.

127 3779 248 3819 mum.
265 3758 316 3812 hoc
327 3769 366 3811 est
378 3758 506 3823 otiosum
518 3758 578 3812 vide
590 3778 635 3812 su·
683 3755 748 3826 liger
757 3757 784 3809 in
793 3776 839 3810 ora
850 3756 945 3810 codicis
955 3753 1011 3815 sui;
1024 3753 1141 3821 quinque
1149 3751 1193 3804 alii

128 3853 189 3902 pra,
202 3834 276 3904 Eteg.
287 3852 386 3902 111‚vs.
400 3856 437 3904 77.
451 3836 487 3888 H.
600 3868 603 3874 -
683 3833 979 3902 Delphis.-Hocetiam
989 3831 1117 3884 meliores.
1131 3831 1168 3884 H.

159 3914 199 3967 33.
216 3915 309 3966 Decem
324 3917 421 3966 lustris.
437 3912 635 3981 Quinquaginta
715 3917 754 3981 44.
763 3917 963 3968 Essevidererur.
976 3910 1194 3964 ViderenturGot·

132 3995 210 4050 anuis.
223 3997 340 4048 Lustrum
349 4004 548 4063 autemtempus
557 3994 635 4062 quin·
683 3993 768 4062 torph.
777 4002 894 4046 venuste.
909 3989 945 4043 Η.

133 4071 269 4138 quennale.
715 4075 755 4137 45.
771 4073 820 4124 Nil
826 4071 890 4121 adeo
904 4069 1023 4119 validm
1034 4066 1191 4136 Suspectum

161 4150 201 4217 34
207 4153 444 4218 Partepremorru'lae
450 4153 635 4205 deterioremeae.
683 4145 828 4213 distichon,
840 4153 867 4198 et
879 4143 947 4198 mate
959 4143 1093 4200 cohaerens
1101 4145 1164 4207 aliis.
1193 4188 1197 4203 .
