2624 4816
111 363 155 431 32

382 366 421 433 P.
459 364 640 437 OVIDII
668 364 914 440 NASONIS·

110 501 173 580 llle
188 502 308 580 habuit
325 503 490 607 fidamque
505 531 638 583 manum
648 509 850 621 ,sociosque
865 508 995 601 fidelem

134 662 136 666 ·
163 621 220 694 Me
232 615 418 718 'profugum
434 621 569 695 comites
585 622 756 698 deseruere
773 624 859 699 mei:

113 733 176 810 llle
192 763 285 810 snam
303 733 398 810 laetus
412 733 552 837 patriam
566 739 738 841 victorque
753 730 905 841 petebat3

162 854 194 928 Α
213 854 319 956 patria
335 855 428 951 fugio
444 855 550 930 victus
567 875 600 930 et
615 857 709 933 exsul
727 886 788 953 ego
807 886 831 931 ε·

113 969 183 1044 Nee
199 969 282 1043 mihi
299 968 493 1046 Dulichium
506 965 625 1048 domus
644 990 711 1064 est,
729 973 898 1061 Ithaceve,
917 973 1067 1064 Samene,
1101 960 1114 1029 '-

163 1084 265 1158 Poena
283 1083 407 1184 quibus
421 1114 491 1159 non
506 1104 556 1160 est
573 1087 706 1182 mandis
724 1088 839 1162 abesse
856 1084 963 1175 locis;

116 1196 182 1272 Sed
198 1224 270 1296 quae
285 1196 325 1271 de
345 1216 469 1299 septem
483 1217 596 1273 totum
613 1200 836 1301 circumspicit
852 1201 965 1274 orbem

165 1311 362 1401 Montibus,
381 1314 511 1414 imperii
527 1304 638 1388 Roma
650 1315 824 1416 Delumque
839 1314 933 1390 loeus
946 1344 955 1390 τ
970 1384 977 1397 ,
1151 1351 1184 1406 7⁰

116 1430 172 1507 Illi
188 1459 311 1533 corpus
326 1450 395 1506 erat
411 1433 529 1506 durum
546 1432 740 1534 patiensque
754 1432 906 1508 laborum
923 1463 931 1523 ;

165 1547 320 1622 Invalida
336 1549 420 1622 vires
440 1549 656 1649 ingenueque
673 1548 777 1622 mihi:

116 1663 178 1739 llle
193 1682 264 1739 erat
280 1663 415 1738 adsidue
433 1663 526 1737 saevis
542 1663 684 1759 agitatus
700 1666 736 1738 in
751 1665 867 1754 armis3

165 1780 336 1856 Adsuetus
352 1779 469 1883 studiis
484 1778 643 1854 mollibus
662 1781 733 1882 ipse
752 1782 825 1856 fui:

116 1896 175 1969 Me
190 1897 283 1968 Deus
300 1895 483 1996 oppressit,
501 1895 595 1969 nullo
611 1897 696 1972 mala
711 1884 824 1972 nostra
843 1896 986 1986 levante;
1151 1914 1184 1986 7⁵

164 2011 324 2087 Bellatrix
340 2009 387 2084 illi
403 2013 486 2085 Diva
504 2012 630 2088 ferebat
644 2043 765 2115 opem:

118 2129 300 2230 Quumque
314 2128 425 2203 minor
436 2131 519 2202 Jove
533 2131 576 2203 sit
590 2131 725 2207 tumidis
740 2133 797 2232 qui
813 2147 928 2227 regnat
943 2130 978 2203 in
991 2128 1109 2220 undis,

116 2325 195 2383 Polit.
202 2336 229 2381 et
240 2325 316 2397 prim.
324 2325 409 2380 Vatic.
420 2327 520 2379 Detulit
525 2327 628 2379 Sarma-

117 2412 153 2460 tis
164 2426 225 2472 ora,
236 2418 266 2461 ut
277 2406 320 2460 lib.
331 2408 369 2472 V,
380 2406 421 2460 El.
429 2421 477 2473 111,
488 2406 503 2459 8
513 2425 520 2459 :
529 2427 543 2451 «
555 2407 631 2460 Ιιιηέ

118 2496 160 2540 eta
167 2485 330 2541 teneterudis
336 2484 461 2538 Sarmatis
469 2484 602 2540 oraGetis.
613 2507 627 2532 »

120 2561 199 2617 Unus
208 2564 327 2617 Vatican.
340 2564 402 2616 Fors
412 2565 479 2615 tulit.

151 2641 192 2696 tt.
203 2642 338 2711 doctosque
339 2643 442 2711 fideles.
455 2640 530 2706 Tres,
541 2641 629 2709 fidos-

120 2739 166 2790 que
176 2722 279 2774 sodales
286 2736 295 2784 ‚·
302 2718 469 2774 tantumdem
481 2730 528 2774 est.
539 2720 628 2774 Nebis

118 2795 191 2850 idem
210 2795 297 2862 dicat,
320 2796 425 2851 videtur
441 2797 626 2861 scribendum,

119 2884 247 2943 certosque
256 2879 373 2940 sodales,
391 2888 421 2931 ut
436 2878 504 2947 apud
516 2879 629 2932 Martia-

119 2951 173 3006 lem
183 2955 260 3023 efidis
269 2956 342 3006 homo
350 2965 434 3009 certus
441 2962 539 3011 amicis.
547 2957 584 3010 H.

152 3029 193 3100 67.
211 3032 271 3085 Non
289 3034 355 3083 mihi
370 3033 525 3087 Dulichium
543 3034 628 3087 Duli-

120 3107 210 3163 chium
234 3106 319 3161 insula
341 3118 380 3161 est
399 3128 433 3162 ex
450 3110 628 3164 Echinadibus

120 3205 191 3252 una,
210 3203 267 3253 quae
280 3195 367 3254 postea
379 3181 492 3240 Dolicha
502 3187 628 3254 appellata

118 3264 178 3318 tute
188 3263 301 3332 Fuitque
312 3261 368 3317 haee
377 3263 460 3317 insula
468 3264 554 3336 Ulyssi
565 3265 629 3316 sub-

121 3342 189 3408 dita,
199 3351 228 3394 nt
236 3340 312 3395 docet
319 3340 532 3395 Strathiaceoe.
540 3341 627 3396 Ithaca

119 3418 204 3476 insula
213 3429 266 3485 est,
279 3435 338 3487 quse
350 3418 382 3470 ad
391 3418 472 3473 stadia
485 3420 518 3473 80
532 3420 558 3472 in
571 3421 628 3474 eir-

120 3495 504 3569 cumpacecorcyraeinsutae
510 3499 628 3553 maximae

121 3579 222 3647 adjacet
236 3574 336 3630 Neritia
350 3573 446 3629 Ithacae
459 3575 535 3629 tellus
548 3589 628 3645 opta-

120 3658 237 3723 tissima,
255 3654 347 3724 etipsa
359 3654 460 3726 Ulyssis
472 3656 562 3724 patria.
573 3658 628 3710 Sa-

120 3753 193 3787 mm.
204 3733 298 3788 Samos
308 3731 362 3786 sive
374 3731 468 3797 Same,
481 3733 564 3785 insula
574 3743 627 3799 est,

121 3828 179 3879 quae
187 3808 250 3862 olim
257 3819 369 3880 quatuor
376 3808 528 3863 continebat
535 3810 627 3876 urbes,

120 3906 152 3940 ex
162 3886 256 3955 quibus
266 3907 321 3941 uua
331 3887 441 3950 Samum
455 3886 564 3953 eadem,
580 3890 631 3941 Ce-

116 3965 239 4032 phaleaia
251 3964 402 4035 appellatur.
414 3957 532 4019 'itia'ceoe
541 3965 629 4017 Same-

119 4061 155 4096 ne.
164 4041 268 4095 samon
279 4043 356 4113 prim.
368 4043 526 4106 Vaticanum
535 4040 630 4112 celiqui

119 4120 255 4186 Samum
268 4130 411 4192 utrumque
425 4123 548 4193 probum.
563 4121 601 4176 H.

708 2323 1123 2392 68.Paenanoaestgrandn.Non
1130 2342 1185 2376 ma·

675 2423 726 2474 gna
738 2403 853 2458 molestia
866 2413 912 2456 est.
924 2401 1033 2454 Etenim
1041 2419 1096 2452 non
1107 2401 1185 2452 urbes

674 2494 737 2537 sunt
760 2501 817 2552 quae
839 2479 984 2550 comparari
1005 2479 1104 2547 possint
1122 2497 1185 2531 cum

676 2561 740 2614 urbe
749 2562 851 2615 Roma:
864 2581 878 2614 n
889 2579 939 2629 qua
951 2561 1039 2614 abesse
1050 2576 1186 2611 summam

676 2640 750 2709 capio
769 2638 937 2705 molestiam,
958 2648 984 2691 et
1003 2638 1084 2689 vitam
1101 2637 1185 2706 ipsam

676 2710 927 2771 instarmortts‘mihi
937 2734 991 2770 esse
999 2714 1075 2767 dnco.
1083 2713 1119 2767 Et
1125 2713 1186 2767 vide

676 2814 756 2866 quam
773 2805 882 2848 venuste
901 2793 1032 2847 contraria
1048 2791 1186 2845 contrariis

675 2874 703 2927 in
722 2874 843 2928 universa
855 2871 902 2925 hac
914 2871 954 2924 sui
968 2880 994 2923 et
1006 2869 1107 2942 Ulyssis
1124 2869 1186 2923 col·

676 2954 786 3020 latione,
798 2952 897 3006 referat
907 2971 913 3004 :
924 2970 982 3020 quae
990 2951 1136 3020 plurimum
1145 2968 1187 3004 ar·

677 3032 709 3086 ¹tis
717 3042 743 3085 et
753 3029 909 3099 eloquentiae
920 3029 1025 3083 habent.
1039 3028 1119 3083 (ἕποι’.

712 3110 879 3177 ymlnvalidoe
886 3113 951 3161 vires
958 3109 1130 3175 inqem'uinpue
1136 3113 1186 3161 mi-

676 3188 711 3240 ti.
722 3186 790 3257 Lege
802 3204 863 3240 cum
875 3185 1002 3256 plerisque
1012 3185 1129 3255 scriptis,
1143 3192 1187 3240 in-

674 3283 821 3336 genueque,
835 3277 864 3320 ut
876 3265 943 3336 apud
956 3265 1069 3318 Martial.
1084 3287 1097 3312 α
1107 3265 1186 3319 Vires

676 3347 813 3416 ingenuae,
826 3344 927 3400 salubte
945 3362 1046 3413 corpus.
1064 3362 1078 3388 »
1090 3343 1184 3412 Idem,

676 3423 719 3478 lib.
730 3424 782 3491 lll,
790 3424 864 3494 Eptg.
872 3438 946 3487 xtvt,
954 3422 985 3488 6,
996 3421 1051 3474 ltaec
1059 3419 1112 3473 dno
1119 3440 1187 3490 quo-

677 3520 727 3570 que
737 3500 872 3569 conjunxit
884 3518 912 3552 :s
927 3497 1075 3552 Invalidum
1087 3508 1187 3571 estno-

676 3581 716 3633 bis
727 3579 926 3649 ingenuumque
938 3577 1012 3631 latus.
1027 3598 1040 3623 u
1054 3576 1131 3647 ldem
1143 3579 1185 3631 lib.

677 3655 749 3721 ΧΠ,
767 3655 841 3725 Epig.
855 3671 899 3721 tv,
915 3655 948 3720 6,
961 3660 1092 3722 Ingenuam
1105 3660 1187 3723 pigri·

676 3737 738 3785 tiam
750 3750 854 3801 quoque
870 3729 941 3784 dixit.
956 3733 1055 3785 Hmts.
1115 3739 1118 3742 ’

712 3813 750 3882 74.
759 3810 786 3862 A
786 3813 888 3863 dsueius
894 3813 996 3878 studiis,·
1003 3812 1129 3862 adsiduus
1133 3809 1188 3864 l'ra·

676 3898 815 3958 gmentum
829 3886 904 3940 Revii
918 3887 1128 3956 antiquissimum
1141 3898 1188 3955 ‚et

676 3967 759 4020 codex
770 3965 899 4021 Bemens.
911 3982 972 4019 cum
984 3966 1104 4035 quinque
1114 3964 1168 4020 aliis
1179 3986 1187 4031 ;

677 4043 789 4112 eleganti
800 4042 971 4112 repetitione,
984 4052 1011 4098 et
1021 4043 1095 4112 cujus
1105 4043 1189 4111 glosso

676 4120 782 4178 videtur
793 4123 921 4174 adsuetus.
