2624 4816
263 100 534 169 rmsmum
560 105 658 172 Lm.
685 106 730 173 v.
758 108 904 179 nuno.
930 114 1025 182 x11.
1114 116 1177 205 241

159 241 361 315 Carceribus
378 242 499 316 missos
516 241 654 318 ultimus
670 244 735 319 ibit
753 275 875 349 equos:

99 356 263 430 Vertitur
278 358 313 429 in
331 376 475 431 teneram
493 359 629 447 cariem,
648 361 805 463 rimisque
823 364 984 458 dehiscit,

159 475 198 548 Si
214 504 281 577 qna
297 476 355 549 diu
373 475 483 550 solitis
501 477 618 578 eymba
632 481 756 553 vacarit
772 482 886 583 aquis:

99 593 170 668 Me
189 622 324 696 quoque
344 594 501 694 despero,
519 594 637 668 luerim
657 626 759 697 quum
777 628 898 699 parvus
914 622 1058 697 stante,

159 709 237 797 Illi,
255 709 314 812 qui
329 710 474 796 meram,
492 738 590 810 posse
607 712 711 785 redire
728 743 849 814 parem.
1152 748 1185 800 so

99 824 278 901 Contudit
293 828 462 924 ingenium
480 828 640 927 patientia
658 827 754 924 longa
774 829 942 924 laborum,

161 941 206 1014 Et
222 970 300 1042 pars
317 942 446 1042 antiqui
463 969 582 1036 magna
598 943 722 1038 vigoris
739 944 842 1019 abest.

99 1057 205 1156 Saepe
225 1076 334 1132 tamen
350 1059 467 1145 nobis,
486 1076 525 1130 ut
542 1087 632 1131 nunc
650 1088 803 1161 quoque,
821 1083 930 1139 sumta
946 1068 1066 1143 tabella
1081 1090 1147 1163 est,

164 1176 270 1275 Inque
286 1203 364 1248 suos
380 1174 471 1247 volui
490 1202 606 1269 cogere
623 1176 722 1248 verba
738 1178 858 1277 pedes:

102 1286 268 1364 Carmina
284 1290 408 1390 scripta
420 1290 503 1362 mihi
519 1308 597 1362 sunt
611 1290 719 1378 nulla,
740 1311 797 1366 aut
812 1295 921 1394 qualia
935 1298 1057 1388 comis;
1154 1329 1188 1380 35

162 1406 274 1503 Digna
290 1407 342 1481 sui
357 1406 485 1478 domini
503 1423 673 1506 tempore,
693 1407 793 1501 digna
808 1408 892 1483 loco.

99 1514 267 1621 Denique
284 1548 354 1592 non
370 1546 486 1620 parvas
503 1519 614 1591 animo
634 1518 689 1593 dat
706 1520 812 1616 gloria
827 1523 934 1613 vires;

156 1638 206 1713 Et
224 1639 377 1714 soecunda
393 1638 473 1712 facit
488 1656 622 1737 pectora
637 1634 744 1711 laudis
762 1668 863 1713 amor.

99 1746 268 1827 Nominis
286 1770 319 1827 et
336 1752 430 1826 sama
447 1751 614 1852 quondam
631 1750 760 1847 fulgore
781 1755 950 1843 trahebar,

148 1866 254 1944 Dum
270 1867 349 1942 tulit
365 1885 524 1942 antennas
539 1895 618 1940 aura
635 1868 777 1940 secunda
793 1897 892 1944 meas.
1153 1897 1187 1965 40

99 1978 188 2059 don
207 1986 292 2060 adeo
309 2006 359 2060 est
374 1985 460 2058 bene
479 2013 585 2072 nunc,
605 2001 644 2056 ut
661 1984 705 2056 sit
720 1984 802 2057 mihi
819 1986 924 2081 gloria
940 2016 1043 2063 curae:

146 2099 196 2174 Si
213 2101 330 2189 liceat,
346 2099 431 2173 nulli
447 2099 601 2195 cognitus
619 2126 688 2171 esse
706 2097 813 2171 velim.

99 2212 154 2288 ln
165 2278 180 2308 ,
202 2220 284 2322 quia
299 2236 469 2293 cesserunt
486 2216 594 2317 primo
610 2216 695 2323 bene
711 2214 868 2302 carmina,
888 2217 1004 2291 suades

146 2334 335 2422 Scribere,
355 2360 525 2406 successus
542 2350 580 2404 ut
598 2358 718 2430 sequar
735 2331 806 2431 ipse
822 2334 943 2405 meos?

99 2438 215 2541 hee,
234 2478 372 2538 novem,
391 2466 497 2522 vestra
514 2447 609 2521 liceat
627 2448 766 2535 dixisse,
785 2448 945 2536 Sorores,
1150 2475 1183 2542 45

143 2566 233 2643 Vos
252 2567 332 2643 estis
348 2582 470 2640 nostrae
487 2564 626 2637 maxima
645 2592 740 2637 causa
758 2564 853 2658 lugae.

99 2672 123 2740 J
126 2694 227 2787 tque
245 2684 339 2757 dedit
352 2683 456 2780 justas
473 2679 558 2752 tauri
576 2679 753 2752 fabricator
770 2678 885 2766 aheni,

146 2802 216 2879 Sic
234 2832 296 2899 ego
313 2802 357 2875 do
375 2828 489 2901 poenas
504 2798 631 2871 artibus
648 2797 721 2897 ipse
736 2797 828 2869 meis.

128 3016 183 3073 ²8.
199 3020 312 3072 Ultimus
322 3018 463 3080 ibitequus.
474 3012 561 3078 Equos
574 3028 623 3061 re·
704 3028 744 3080 29·
765 3009 809 3060 Me
829 3026 923 3076 quoque
940 3011 1051 3077 despera.
1069 3012 1196 3080 uespera,

99 3083 173 3149 fitis
186 3093 321 3151 nonnulli.
334 3092 371 3144 H.
671 3105 733 3138 cum
749 3087 827 3154 prim.
840 3085 923 3139 Palat.
934 3097 961 3140 et
979 3098 1093 3157 quatuor
1107 3088 1180 3143 aliis:

131 3186 183 3241 ²7·
194 3178 345 3227 Interiorum
357 3172 456 3221 cart'em.
467 3165 529 3218 Non
541 3163 624 3233 placet
672 3177 699 3220 et
716 3185 777 3219 mox
791 3170 903 3219 laborum
919 3187 968 3237 pro
983 3172 1094 3222 dolorum
1110 3188 1181 3221 non·

99 3252 154 3301 ¹⁰²
169 3252 312 3323 epitheton
326 3268 333 3302 z
347 3258 435 3300 tetram
450 3244 621 3312 conjecerunt
672 3245 745 3297 nulli.
756 3246 792 3298 H.

99 3312 241 3386 Heinsius
249 3326 424 3383 etFrancius:
439 3342 488 3391 ego
497 3320 566 3375 aliud
579 3321 621 3373 ad·
703 3326 745 3377 33.
762 3326 873 3379 Utnrnc
884 3344 978 3394 quoque
988 3333 1079 3377 sumta.
1095 3322 1179 3377 Nihi-

99 3387 160 3457 huc
182 3426 290 3479 quaer03
310 3424 344 3458 an
363 3404 482 3456 tenuem?
497 3419 555 3469 quoe
573 3418 622 3451 vox
670 3403 785 3457 lominus
797 3405 926 3473 imperare
937 3402 1004 3455 mihi
1019 3420 1075 3455 non
1086 3402 1179 3473 potui,

99 3486 179 3548 “pe
198 3506 260 3541 cum
275 3483 324 3537 alia
340 3490 502 3536 commutata
520 3477 622 3547 reperi·
671 3484 736 3552 quin
747 3482 898 3537 scriberem.
910 3481 941 3534 P.

101 3552 161 3611 ²¹¹¹·-
170 3563 271 3617 Bunnt.
704 3561 736 3613 38
748 3563 882 3613 Fecunda.
893 3558 1017 3609 Facunda
1032 3552 1118 3609 multi.

140 3641 189 3695 ²8.
203 3646 297 3715 Cymba
305 3644 408 3693 vacavit
416 3642 497 3707 aqm's.
510 3634 540 3688 Si
551 3635 578 3686 in
587 3633 623 3685 ri·
696 3640 736 3705 44
745 3640 890 3691 Successus.
899 3633 973 3701 Quin
980 3630 1046 3685 mihi
1053 3632 1179 3689 maleme-

110 3722 179 3774 {tam
189 3721 329 3786 subducta,
341 3718 387 3771 diu
400 3716 474 3769 haesit
486 3715 513 3765 in
528 3712 621 3765 arenis.
671 3712 755 3767 cessit.

119 3786 237 3867 Vacabit,
247 3797 369 3852 meliores
378 3816 384 3858 ;
393 3792 540 3860 Hamburg.
547 3810 622 3842 vaca·
692 3794 731 3861 47.
743 3789 1179 3858 Taurisasricatmtentperittus:

117 3871 146 3917 “l
153 3891 164 3935 ὅ
177 3889 255 3932 recte.
266 3879 417 3931 Puteaneus
428 3884 533 3941 negatur
541 3874 621 3939 aqms.
672 3868 705 3923 de
717 3869 832 3938 quoiam
844 3864 946 3919 dictum
957 3874 1004 3919 est.
1018 3864 1098 3922 ΜΗ.

231 3982 331 4052 ‚VIL
1006 3968 1045 4033 16
