2624 4816
265 373 534 444 TRISTIUM
558 376 654 444 LIB.
686 380 740 445 11.
774 380 848 447 EL.
873 381 1054 452 UNICA.

172 515 219 586 Et
235 513 321 588 lalso
338 515 427 588 movi
445 532 563 616 pectus
578 544 688 591 amore
706 546 827 592 meum.
877 541 879 547 ’

124 632 206 705 Non
225 622 381 734 equidem
399 631 539 708 vellem:
556 633 613 708 sed
631 663 683 709 me
701 663 773 710 mea
789 638 856 712 fata
875 638 1072 733 trahebant,
1168 678 1171 684 ¹

172 751 281 852 Inque
297 779 386 826 meas
402 779 520 853 poenas
537 752 734 849 ingeniosus
751 783 847 830 eram.
958 748 964 759 ’

124 867 200 939 lieu
217 867 322 955 mihi,
341 868 434 968 quod
448 868 549 942 didici
565 869 572 943 !
590 869 682 969 quod
698 899 752 946 me
771 872 912 962 docuere
929 893 1100 976 parentes,

172 981 354 1084 Literaque
374 1000 423 1056 cst
440 983 556 1057 oculos
575 983 643 1058 ulla
660 1003 789 1062 morata
805 991 917 1064 meos!

123 1101 204 1173 Haec
223 1101 287 1173 tibi
304 1129 357 1174 me
374 1101 518 1175 invisum
533 1100 667 1175 lascivia
685 1103 782 1193 fecit,
802 1107 971 1197 obantes,
1150 1131 1201 1202 34⁵

170 1219 268 1315 Quas
285 1237 377 1294 ratus
396 1247 431 1292 es
446 1218 567 1295 vetitos
585 1219 778 1295 sollicitasse
803 1240 905 1298 toros.

121 1334 186 1409 Sed
203 1365 314 1437 neque
332 1365 383 1410 me
399 1354 512 1437 nupta
531 1335 721 1410 didicerunt
738 1337 827 1412 surta
843 1341 1020 1435 magistr03

168 1451 339 1552 Quodque
357 1481 475 1553 parum
494 1452 605 1540 novit,
625 1480 724 1525 nemo
741 1453 859 1528 docere
875 1474 999 1556 potest.

118 1565 171 1639 Sic
191 1597 255 1663 ego
275 1569 420 1658 delicias,
448 1585 481 1643 et
498 1567 611 1643 mollia
630 1569 775 1668 carmina
791 1567 872 1659 seci,

166 1685 347 1758 strinxerit
362 1704 402 1759 ut
417 1714 539 1760 nomen
559 1682 669 1759 sabula
686 1684 778 1758 nulla
796 1714 916 1761 meum.
1147 1714 1197 1768 350

118 1807 185 1877 Nec
203 1805 381 1905 quisquam
398 1822 449 1877 est
467 1804 549 1877 adeo
568 1804 676 1876 media
694 1803 734 1877 de
751 1802 848 1904 plebe
858 1808 1021 1894 maritus,

165 1924 215 1994 Ut
234 1920 358 1994 dubius
375 1920 456 1993 vitio
475 1920 518 1995 sit
537 1935 631 2020 pater
646 1918 703 1992 ille
719 1948 804 1994 meo.

119 2037 225 2109 Crede
239 2035 338 2124 mihi,
357 2063 465 2110 mores
482 2035 608 2109 distant
626 2064 645 2109 a
664 2038 806 2112 carmine
823 2040 949 2125 nostri3

165 2153 245 2226 Vita
263 2152 447 2228 verecunda
466 2171 532 2241 est,
550 2155 651 2227 Musa
666 2153 798 2253 jocosa,
816 2155 918 2228 mihi:

119 2268 308 2369 Magnaque
325 2297 402 2370 pars
419 2297 557 2370 operum
575 2268 716 2343 mendax
734 2287 768 2343 et
783 2269 859 2344 sicta
872 2300 1022 2345 nieorum
1145 2296 1195 2349 355

165 2383 249 2458 Plus
267 2383 332 2457 sibi
351 2384 501 2484 permisit
517 2385 742 2488 compositore
761 2413 834 2458 suo.
896 2441 900 2449 .

118 2499 183 2573 Nec
198 2496 287 2571 liber
306 2499 464 2596 indicium
483 2517 534 2572 est
551 2499 670 2590 animi,
689 2500 748 2573 sed
764 2500 906 2573 honesta
923 2499 1100 2602 voluptas,

163 2615 312 2690 Plurima
328 2616 513 2691 mulcendis
530 2617 669 2691 auribus
687 2633 763 2717 apta
779 2617 896 2690 ferens.

118 2729 235 2806 decius
253 2751 340 2806 esset
358 2749 473 2821 atrox;
491 2733 628 2806 conviva
645 2734 824 2805 Terentius
842 2748 950 2816 esset;

118 2908 141 2950 et
153 2896 626 2971 Hamburg.etPuteari.derec1'tere.·
674 2912 731 2964 est‚·
752 2903 817 2954 mihi
833 2900 929 2952 rectius
947 2908 1043 2966 seinse
1062 2900 1191 2969 superiori

117 2997 201 3046 supro
209 2981 371 3048 depretiare?
381 2976 521 3048 qno'verbo
530 2979 626 3033 Paulus
675 2980 755 3032 etiarn
767 2997 843 3031 versu
856 2977 958 3046 legatur
969 2977 1140 3044 concinnius,
1150 2982 1192 3032 di-

118 3074 188 3125 osus,
199 3058 243 3111 lib.
254 3059 351 3123 XXII,
361 3056 397 3122 D,
409 3056 441 3108 ad
452 3057 536 3127 legem
545 3057 625 3125 Aqui·
674 3067 747 3109 stant
754 3077 860 3110 metesa
868 3060 979 3108 carmine
987 3061 1074 3108 nostri.
1087 3056 1124 3108 Il.

116 3135 179 3190 liam.
202 3137 304 3191 Glossae
328 3137 458 3203 ineditae,
482 3138 630 3204 Depretiati
707 3136 764 3188 355.
777 3137 923 3204 Magnaque
929 3153 994 3202 pars
1005 3136 1115 3187 mendax
1126 3152 1192 3202 ope-

117 3217 277 3274 timorem.
290 3214 342 3268 Sed
356 3217 444 3268 nescio
457 3234 490 3267 an
502 3215 529 3267 id
544 3213 625 3267 seculi
673 3225 774 3268 remes!
781 3219 874 3286 eificta
883 3235 990 3268 meorum
999 3234 1006 3267 z
1015 3238 1027 3261 ι(
1036 3216 1189 3285 Magnaque

117 3288 237 3347 Ovidiani
257 3293 291 3346 sit
310 3294 429 3346 verbum.
451 3293 523 3346 Usus
544 3303 571 3344 et
592 3310 624 3345 eo
673 3313 732 3363 pars
746 3312 857 3362 operum
872 3291 985 3345 mendax
1002 3302 1029 3346 et
1043 3291 1192 3346 fictameo-

116 3367 293 3426 Tertullianus
311 3390 366 3423 uon
387 3371 477 3426 semel.
500 3371 563 3423 Duo
581 3371 624 3424 alii
672 3392 732 3424 rum
749 3371 812 3425 Plus
819 3371 868 3424 sibi
880 3370 1014 3440 permisit,
1029 3393 1042 3418 n
1055 3390 1116 3425 cum
1130 3390 1189 3423 me-

114 3452 623 3517 detreclareverebar,·uuusdedecorare5
671 3450 787 3503 lioribus.
802 3449 838 3502 H.
1201 3504 1204 3519 ὅ

116 3526 172 3584 elius
182 3534 318 3585 decertare.
329 3531 367 3583 Η.
705 3531 762 3584 356.
776 3533 946 3596 Composrlore
955 3547 1011 3582 suo.
1020 3528 1068 3580 Me
1077 3525 1186 3593 ovidio,

142 3611 198 3678 340.
216 3613 254 3662 Et
264 3609 340 3675 salso
358 3613 426 3662 mori
436 3619 526 3676 pectus
539 3628 624 3661 amore
672 3607 717 3676 qui
732 3625 763 3660 ea
777 3605 921 3675 composui.

116 3704 194 3740 neem.
207 3689 280 3740 Puto
286 3686 353 3754 sori,
368 3688 468 3740 Herus.
705 3687 761 3745 358.
773 3686 888 3738 Aurz'bus
902 3695 965 3752 apta
983 3683 1066 3751 refert.
1082 3680 1188 3736 Primus

142 3769 197 3836 343.
216 3771 276 3820 Heu
290 3770 368 3834 miti,
388 3786 434 3818 cer
449 3763 547 3818 didici!
563 3767 627 3832 quid
671 3765 749 3818 Polit.
763 3776 789 3817 et
803 3776 855 3818 tres
868 3764 909 3818 alii
916 3765 1003 3832 seren
1015 3762 1093 3830 primi
1103 3761 1189 3816 Vatie.

116 3863 153 3897 me.
174 3849 251 3912 Quod
264 3849 347 3900 didici
352 3846 360 3899 l
378 3849 448 3915 quod
463 3862 503 3896 me
519 3846 623 3896 docuere
671 3853 697 3895 et
711 3842 765 3894 duo
778 3839 981 3910 pretereaseres
990 3855 1000 3903 ,·
1020 3847 1133 3907 quatuor
1136 3838 1189 3906 je-

118 3923 236 3978 meliores.
250 3927 287 3979 H.
670 3939 743 3982 rens,
759 3920 830 3990 quod
839 3936 954 3987 sequor:
967 3916 1096 3987 superiori
1108 3917 1188 3971 etiarn

143 4004 196 4059 350.
211 4005 347 4057 Strr'rrrerr'!
356 4022 435 4055 meum
446 4021 543 4055 eomer.
556 4001 621 4054 Lae-
670 4019 764 4066 versu,
777 4017 826 4068 pro
834 4001 953 4050 wluerus
959 3994 1064 4067 reposui
1071 3998 1189 4063 voluptas

118 4080 170 4132 serit
181 4100 268 4134 meam
279 4081 388 4134 famam.
574 4082 575 4085 ’
670 4099 732 4133 cum
743 4079 819 4149 prim.
830 4075 916 4128 varic.
928 4084 955 4127 et
966 4074 1069 4130 dnobus
1080 4075 1142 4128 aliis.
1150 4075 1185 4128 H.

145 4159 196 4226 354.
211 4162 293 4214 Musei
300 4163 396 4228 jocosa
412 4179 474 4212 mea.
496 4157 548 4211 Alii
565 4178 622 4212 mea
704 4159 761 4229 359.
773 4160 852 4209 Esset
865 4162 949 4208 atrae.
965 4154 1042 4209 Esset
1055 4153 1184 4215 crudelis,
