2624 4816
59 424 1127 454 mmmmm

129 612 402 762 P'UBLII
447 621 697 726 OVIDII
733 621 1061 730 NASONIS
1101 744 1104 749 ¹

388 824 788 937 'mtstotmtum

288 1071 421 1202 EX
507 1067 898 1204 PONTO

343 1327 532 1415 LIBER
559 1328 851 1415 TERTIUS.

473 1526 713 1552 -ιο-ι·

311 1660 633 1808 emstom
663 1721 877 1810 mmm.

529 1890 670 1912 §m

499 2114 692 2214 Uxont

521 2288 663 2303 *-

415 2460 778 2526 ARGUMENTUM.
863 2468 864 2472 ’

58 2614 254 2677 Calamitetum
274 2618 355 2673 exsilii
373 2619 413 2673 sui
430 2620 569 2690 impatiens
588 2621 619 2673 ab
638 2638 718 2673 uxore
735 2619 851 2689 flagitat,
872 2629 903 2673 ut
916 2620 993 2676 bont>
1011 2616 1129 2692 coniugis

91 2702 196 2757 famem
212 2712 335 2769 tueatur,
353 2712 379 2755 et
394 2722 407 2754 a
421 2701 530 2756 Caesaris
545 2703 657 2771 conjuge
673 2703 813 2771 impetrare
824 2711 881 2756 toto
891 2712 995 2771 pectore
1008 2703 1128 2772 nitatur,

90 2798 124 2843 ut
136 2807 200 2842 oum
213 2787 324 2842 Pontica
341 2786 435 2842 tellure
451 2789 540 2842 minus
555 2788 678 2843 hostilem
689 2789 777 2842 locum
793 2788 998 2842 moritomutare
1009 2789 1093 2844 liceat.

59 2944 255 3069 AEQUOR
272 2971 406 3044 Iasonio
423 2969 591 3070 pulsatum
605 2969 726 3064 remige
740 2967 901 3069 primum,

110 3089 261 3189 Quaque
276 3115 336 3160 nec
353 3088 448 3160 hoste
464 3087 552 3174 fero,
571 3115 631 3161 neo
647 3086 722 3159 nive
741 3103 824 3158 terra
841 3113 947 3173 cares3

58 3202 203 3305 Ecquod
220 3203 282 3277 erit
300 3220 448 3301 tempus,
468 3232 535 3302 quo
552 3232 612 3276 vos
629 3231 690 3298 ego
710 3205 798 3274 Naso
814 3199 1021 3300 relinquam,

109 3321 152 3392 ln
169 3318 280 3391 minus
295 3315 450 3389 hostilem
464 3316 574 3414 jussus
589 3317 679 3389 abire
696 3315 805 3388 locum
820 3317 835 3388 ?

60 3437 117 3510 An
132 3434 217 3508 mihi
231 3432 390 3506 Barbaria
407 3431 581 3505 vivendum
600 3459 727 3533 semper
743 3432 778 3503 in
796 3430 886 3504 ista?
1109 3450 1124 3499 5

109 3551 217 3648 Inque
233 3547 409 3619 Tomitana
424 3545 547 3619 condar
564 3564 697 3646 oportet
714 3546 843 3618 humo?

94 3737 115 3773 ι.
128 3719 364 3787 AEquorpulsatum.
377 3715 404 3770 0
415 3735 486 3768 mare
496 3717 571 3770 Pon·
616 3727 676 3770 tum.
691 3716 783 3768 Amor.
794 3714 837 3768 lib.
847 3714 888 3779 ll,
900 3710 972 3781 Eleg.
982 3728 1028 3777 xl,
1042 3731 1077 3765 vs.
1092 3733 1120 3780 ι,

59 3796 144 3850 ticum
154 3795 235 3848 remis
247 3805 353 3848 erutum
364 3804 390 3847 et
403 3795 570 3862 agitatum·
613 3798 698 3862 prima
710 3799 803 3858 pirum,⁸
815 3802 841 3845 et
854 3791 933 3859 Epist.
945 3791 998 3843 xtl
1013 3788 1124 3842 ileroid.
1137 3821 1139 3826 ·

59 3876 167 3927 Iasonio
177 3876 276 3940 remige.
288 3871 381 3925 Nautis
390 3872 512 3937 tasonis,
525 3871 570 3938 qui
618 3891 654 3923 vs.
663 3871 708 3934 13,
719 3876 873 3937 novapiaus.
883 3867 980 3935 Quod,
990 3868 1126 3936 quomodo

60 3972 109 4022 per
121 3970 195 4006 mare
210 3950 350 4004 Ponticum
365 3950 481 4019 primum
496 3948 571 4001 navi·
619 3949 651 4002 eit
666 3948 858 4017 accipiendum,
874 3945 991 3999 invenies
1002 3946 1030 3999 in
1042 3966 1125 4000 anno·

60 4029 147 4101 gavit,
166 4047 250 4098 quum
270 4030 341 4096 Argo
360 4026 421 4080 navi
439 4026 570 4095 profectus
620 4026 678 4079 tatis
691 4024 792 4078 nostris.

62 4119 103 4162 est
116 4108 149 4162 ad
163 4105 321 4179 rapiendum
330 4116 440 4158 aureum
449 4104 572 4157 veiim.-
653 4103 676 4154 3.
688 4105 796 4170 hcquod
802 4117 811 4162 ,’
830 4102 932 4167 Ecquid
940 4100 1005 4155 Jun.
1022 4112 1048 4155 et
1063 4103 1123 4171 plu-

60 4187 165 4241 Iasomb
175 4190 266 4252 remige
272 4189 379 4253 pninum
391 4202 473 4253 equor
478 4186 569 4248 pulsa·
619 4181 697 4244 rimi‚·
709 4184 751 4234 En
762 4181 825 4248 quid
832 4179 894 4233 MS.
902 4180 1004 4232 Bersm.

157 4283 251 4359 VII.
923 4279 967 4364 24
