2624 4816
121 401 181 467 132
392 401 431 466 P.
456 397 632 470 OVIDII
655 398 886 470 NASONIS

116 594 1169 638 *Μ

484 736 718 821 ELEGIA
748 739 799 822 X.

440 1107 846 1213 ARQUMENTUM.

49 1262 52 1267 ’
103 1262 203 1327 leniti
211 1269 250 1323 sui
258 1267 425 1322 incommoda
436 1268 559 1324 describit
567 1280 659 1338 poeta;
672 1269 717 1323 sed
726 1270 1005 1327 intercaeteratantam
1015 1274 1071 1329 vini
1078 1278 1175 1350 frigoris

146 1374 202 1410 esse
210 1351 322 1419 adserit,
335 1363 365 1431 ul
375 1351 496 1416 llumina,
504 1363 531 1405 et
538 1352 634 1418 maria,
643 1364 721 1423 atque
730 1352 757 1406 in
768 1353 808 1408 bis
817 1354 896 1408 etiam
903 1356 985 1424 pisces
993 1360 1174 1430 congelentum

146 1449 174 1492 et
183 1457 215 1492 eo
230 1448 349 1506 tempore
361 1435 465 1507 scythae
477 1435 578 1501 hostes,
592 1436 636 1503 qui
646 1437 765 1505 equitatu
772 1448 798 1491 et
809 1439 906 1508 sagittis
916 1440 1060 1511 plurimum
1068 1444 1175 1514 pollent,

146 1525 245 1578 Istrum
268 1530 401 1574 transeant
408 1537 418 1585 ‚·
437 1529 514 1587 atque
538 1538 569 1572 ea
590 1518 645 1573 luea
663 1519 872 1590 depopulentur,
885 1543 915 1578 ac
928 1524 1050 1580 homines
1067 1528 1176 1597 captivos
1198 1580 1202 1585 .

148 1605 254 1660 ducant.

116 1774 171 1880 Sl
188 1801 263 1903 quis
278 1800 385 1874 atlhue
401 1796 476 1874 istic
491 1797 640 1874 meminit
655 1799 800 1878 Nasonis
817 1804 958 1895 ademti,

142 1944 146 1951 ’
162 1920 208 1991 Et
224 1933 376 2016 superest
392 1916 465 1989 sine
481 1942 533 1990 me
549 1944 670 1991 nomen
687 1917 723 1990 in
740 1921 824 1994 urbe
839 1950 966 2009 meum;

115 2033 334 2134 subpositum
350 2029 455 2106 stellis
471 2061 640 2133 nunquam
659 2037 870 2147 tangentibus
887 2063 1021 2140 sequor,

162 2150 220 2221 Me
238 2146 319 2221 sciat
334 2145 371 2219 in
387 2143 493 2220 media
510 2146 616 2219 uivere
633 2147 793 2223 barbarie.

116 2265 317 2352 Sauromata
335 2263 489 2358 cingunt,
508 2262 578 2336 sera
595 2292 694 2358 gens,
709 2267 885 2368 Bessique,
904 2269 1085 2372 Getaeque:
1162 2291 1176 2340 s

165 2383 277 2478 Quam
293 2407 361 2453 non
379 2377 512 2473 ingenio
530 2379 665 2454 nomina
682 2381 780 2476 digna
795 2383 889 2456 meol

115 2498 206 2572 Dum
223 2513 337 2570 tamen
353 2523 433 2568 aura
451 2511 558 2596 tepet,
578 2495 686 2569 medio
705 2496 911 2570 defendimur
927 2501 1033 2588 lstr03

161 2609 223 2685 Ille
240 2611 309 2685 suis
328 2609 477 2710 liquidus
494 2608 582 2681 b'ella
597 2609 727 2709 repellit
740 2611 844 2711 aquis.

114 2730 162 2804 At
179 2757 282 2828 quum
298 2727 404 2802 tristis
421 2727 536 2827 hyems
556 2726 752 2827 squallentia
768 2729 908 2830 protulit
927 2760 1004 2820 ora,

162 2841 329 2941 Terraque
345 2868 529 2914 marmoreo
550 2840 688 2916 eandida
705 2843 790 2916 lacta
806 2842 881 2940 gelu
900 2861 968 2918 est:
1151 2885 1180 2920 ω

115 2961 206 3033 Dum
221 2977 314 3060 patet
330 2976 362 3031 et
378 2960 501 3032 Boreas
518 2977 551 3032 et
565 2959 623 3033 uix
638 2961 756 3060 injecta
772 2963 834 3035 sub
850 2964 974 3053 Arcto,

56 3159 71 3165 “
147 3142 621 3213 3.Nunquamlanpentt'bnsaepuor.Se·
667 3153 685 3190 e
702 3134 800 3188 Graecis
814 3136 989 3190 Sauromatas.
1004 3139 1179 3209 -Bessr'que

113 3223 302 3297 ptemtrionem
314 3221 438 3290 designat.
454 3220 518 3273 ldeo
532 3231 621 3273 autem
669 3212 741 3266 Bessi
752 3213 841 3282 populi
849 3214 923 3268 suere
933 3215 1053 3270 Thracia
1062 3215 1180 3270 finitimi.

114 3319 207 3356 revera
216 3318 271 3353 non
281 3297 364 3365 cadit,
377 3298 437 3366 quia
449 3316 531 3366 quum
542 3316 621 3366 super
672 3335 675 3339 <
703 3311 725 3362 7·
738 3293 824 3344 Mena
838 3294 911 3344 Istro.
924 3291 1016 3346 Medio
1033 3293 1106 3346 inter
1118 3294 1180 3347 To-

115 3381 203 3436 nossit
211 3378 285 3448 polus
294 3376 426 3439 Arcticus,
440 3395 545 3444 semper
556 3395 624 3428 ano·
672 3369 800 3422 milenum
817 3369 929 3436 urbem,
947 3380 974 3424 et
992 3370 1180 3438 Sauromatas;

114 3463 153 3517 bis
161 3456 281 3522 videtum
293 3458 328 3510 sie
336 3456 536 3526 Maro,Georg.
545 3456 623 3523 libl,
673 3457 763 3500 carent
779 3448 851 3500 enim
868 3447 976 3517 navigiis
994 3448 1089 3516 quibus
1106 3449 1181 3518 traji-

114 3561 182 3595 vers.
191 3539 253 3606 246,
263 3558 276 3582 u
283 3536 377 3590 Arctos
388 3534 489 3588 Oceani
501 3545 626 3599 metuenf
674 3525 964 3592 ciant-Defenderam
972 3545 1095 3580 arcemur
1103 3527 1183 3582 asolis

117 3629 155 3671 trs
170 3633 274 3685 aequore
286 3612 359 3682 tingi.
374 3633 387 3660 a
671 3605 767 3658 calore.
779 3605 858 3657 Mun.
866 3634 898 3645 -
907 3606 968 3660 Non
981 3625 996 3657 a
1007 3603 1060 3658 sole
1071 3645 1079 3673 ,
1092 3606 1140 3659 sed
1151 3608 1183 3660 ab

148 3700 172 3763 4,
191 3699 325 3749 Barbaria.
341 3696 466 3745 Barbarie
482 3693 624 3746 Hambur-
674 3684 807 3750 hostibus,
824 3685 962 3754 dequibus
977 3704 1039 3741 mox
1052 3687 1185 3740 meminit.

118 3775 214 3844 gensis3
223 3769 348 3838 sicinlra,
358 3769 401 3823 lib.
411 3770 461 3836 IV,
471 3769 512 3823 El.
522 3786 533 3821 1
542 3810 549 3836 ,
558 3789 624 3823 vers.
706 3764 729 3815 8.
743 3766 872 3832 liquidus.
890 3766 951 3818 Non
965 3764 1025 3834 gelu
1038 3763 1184 3819 adstrictus.

118 3871 150 3904 aa
160 3891 168 3917 ,
180 3862 282 3904 veteres
293 3849 402 3903 codices.
415 3849 451 3902 H.
673 3868 706 3883 ·-
717 3844 800 3896 Bella.
817 3841 888 3912 Quia
900 3842 987 3896 hostes
1001 3861 1058 3896 non
1075 3854 1184 3913 possunt

151 3930 175 3980 5.
186 3930 336 3980 Sauromata
350 3933 466 3994 cingunt,
475 3926 538 3994 sera
555 3945 624 3993 gras.
674 3939 768 3990 aquam
779 3930 891 3973 tranare.

118 4005 219 4060 Plinius
232 4007 319 4060 scribit
331 4006 442 4061 Pontico
455 4004 525 4058 litori
541 4004 624 4057 varias
668 4030 670 4036 .
709 4000 826 4051 ¹1.Dum
833 4006 906 4066 patet
914 4000 1045 4052 eruorem
1053 4007 1081 4052 rt
1090 4003 1184 4052 nixib-

120 4092 210 4152 gentes
220 4081 359 4151 adpositas,
367 4084 428 4138 alias
436 4081 528 4149 Getas,
539 4080 624 4134 Dacos
666 4077 742 4144 jecta
754 4080 800 4130 sub
812 4077 900 4128 Arcto.
911 4079 967 4130 Nix
980 4079 1095 4129 habetare
1105 4075 1183 4128 multi

119 4180 133 4214 e
145 4159 270 4214 Romanis
284 4159 366 4214 dictos
380 4178 387 4221 ς
402 4161 462 4215 alias
476 4159 623 4224 Sarmatas,
674 4167 787 4222 veteres3
803 4166 830 4210 et
840 4175 892 4210 nox
903 4154 975 4208 deo:
990 4173 1053 4209 nam
1068 4154 1103 4208 de
1121 4155 1181 4209 nive
