2624 4816
81 530 85 537 Ι
170 429 237 514 234
440 432 480 496 n.
508 430 693 500 ovmu
722 428 959 498 unsoms

539 807 776 894 ELEGIA
804 807 856 893 X.

615 980 759 997 ψ

497 1198 902 1267 ARGUMENTUM.
983 1238 988 1247 ·

168 1352 237 1413 Tres
249 1376 368 1413 annone
381 1359 461 1429 egisse
473 1361 562 1415 scribit
572 1372 667 1429 poeta;
688 1381 733 1414 eos
752 1370 841 1414 tamen
861 1361 909 1414 sibi
927 1360 1021 1423 decem
1038 1361 1132 1431 videri,
1145 1360 1204 1431 ilum
1298 1386 1312 1414 u

291 1441 342 1496 loci
354 1443 506 1511 asperitate,
520 1453 547 1495 et
559 1443 768 1510 difficultatibus,
780 1464 843 1514 quas
857 1444 952 1499 deinde
965 1446 1105 1517 subjungit.

108 1651 112 1659 ·
170 1594 240 1697 UT
256 1654 370 1698 sumus
388 1625 423 1697 in
441 1627 574 1713 Ponto,
593 1642 643 1699 ter
658 1625 950 1722 frigore‘constitit
964 1631 1066 1716 Ister,
1291 1584 1306 1650 l

216 1742 315 1813 Facta
329 1757 380 1814 est
394 1740 517 1814 Euxini
534 1740 616 1813 dura
634 1759 684 1814 ter
701 1741 790 1815 unda
809 1743 916 1816 maris.

139 1908 142 1913 -
167 1855 215 1928 At
231 1855 312 1927 mihi
328 1856 394 1954 jam
411 1856 526 1929 videor
542 1857 649 1956 patria
667 1857 789 1958 procul
806 1886 877 1932 esse
894 1859 1075 1946 totnonis,

217 1969 372 2042 Dardana
391 1990 473 2071 quot
493 1972 594 2045 Graio
610 1975 711 2072 Troja
730 1975 792 2047 sub
809 1976 905 2048 hoste
921 1975 995 2048 tuit.

167 2087 260 2159 Stare
278 2104 393 2187 putes,
413 2089 492 2162 adeo
510 2091 695 2190 procedunt
712 2109 860 2191 temporo
878 2091 990 2181 tarde,
1194 2097 1206 2150 ⁵
1234 2110 1236 2115 '
1300 2056 1312 2135 l

114 2264 117 2272 .
216 2203 262 2304 Et
278 2203 406 2307 peragit
422 2203 520 2278 lentis
537 2207 693 2306 passibus
710 2235 816 2280 annus
833 2206 905 2280 iter.

53 2358 56 2363 ·
168 2320 236 2394 Nec
253 2320 335 2394 mihi
353 2318 533 2396 solstitium
552 2322 734 2423 quidquam
753 2324 792 2397 de
809 2322 963 2397 noctibus
980 2323 1102 2409 aufem

216 2435 329 2510 Efficit
346 2456 505 2534 angustos
521 2467 583 2513 nec
599 2439 681 2511 mihi
698 2440 816 2521 bruma
832 2440 923 2514 dies:

168 2555 301 2630 Scilicet
317 2555 353 2628 in
369 2556 469 2630 nobis
486 2585 599 2631 rerum
613 2573 731 2629 natura
748 2574 866 2629 novata
885 2573 954 2642 est,

219 2673 369 2773 Cumque
388 2673 470 2748 meis
487 2673 575 2748 curis
594 2672 704 2745 omnia
719 2670 820 2767 longa
839 2671 929 2744 facit.

168 2788 258 2858 Num
272 2804 436 2888 peragunt
454 2787 573 2862 solitos
591 2786 775 2861 communia
792 2805 943 2890 tempora
958 2803 1086 2872 motum

220 2905 372 3005 Suntque
392 2907 496 3001 magis
514 2907 587 2980 vitae
604 2923 754 3006 tempora
773 2907 854 2979 dura
868 2905 972 2979 meae?

170 3023 282 3119 Quem
298 3041 387 3096 tenet
402 3024 526 3097 Euxini
544 3025 683 3098 mendax
701 3025 898 3121 cognomine
912 3022 1012 3110 litus,

218 3137 264 3208 Et
280 3136 428 3236 Scythici
447 3166 520 3210 vere
537 3156 622 3210 terra
640 3138 774 3212 sinistra
790 3138 876 3211 freti.

167 3254 353 3324 Innumerae
369 3254 454 3327 circa
471 3272 585 3350 gentes
602 3254 673 3326 fera
689 3253 778 3328 bella
793 3254 985 3342 minantur,

219 3368 305 3464 Quae
321 3364 385 3438 sihi
403 3396 474 3439 non
490 3385 586 3468 rapto
604 3369 712 3441 vivere
728 3385 824 3470 turpe
839 3384 968 3467 putant.

170 3482 227 3557 Nil
244 3502 336 3557 extra
352 3499 462 3555 tutum
480 3499 531 3556 est
545 3512 555 3555 t
570 3483 718 3558 tumulus
736 3484 925 3558 defenditur
940 3509 1024 3577 aegre

203 3659 227 3725 4.
243 3658 330 3726 Troja.
343 3659 421 3710 Terra
431 3653 484 3707 duo
493 3654 648 3724 proferunt.
727 3664 826 3725 putant.
838 3655 1012 3719 Herodotus,
1032 3651 1061 3704 in
1075 3606 1282 3747 comitandi}

202 3755 226 3806 q
241 3740 350 3791 Novata.
361 3736 479 3796 Mutata,
500 3733 659 3787 Puteaneus.
734 3735 869 3788 Thracum
877 3733 1009 3798 moribus,
1023 3731 1100 3784 docet
1107 3748 1152 3783 eos
1162 3730 1282 3843 Μ’,

207 3821 244 3872 13.
257 3823 373 3874 Meum
390 3817 543 3888 cognomiue.
556 3817 614 3887 Qui
626 3837 681 3888 po·
732 3814 759 3867 lo
775 3824 853 3882 atque
873 3822 948 3881 rapto
961 3810 1068 3875 vivere,
1085 3808 1166 3878 idque
1181 3826 1221 3879 pu

173 3891 224 3947 tius
233 3906 272 3948 est
284 3897 455 3966 inhospitalis.
731 3890 894 3944 cherrimurn
911 3889 1016 3942 ducere.
1027 3889 1085 3939 Sibi
1091 3905 1143 3938 nou
1153 3887 1248 3954 rapt!
1266 3881 1278 3909 ¹

209 3973 247 4037 14.
261 3975 322 4026 Vere
328 3984 395 4028 terra
400 3978 514 4028 sciuistra.
521 3971 595 4026 Vere
602 3983 682 4038 terra,
732 3988 825 4022 omnes
835 3969 966 4021 meliores.
979 3965 1015 4020 H.

174 4058 204 4101 ut
221 4049 249 4102 in
264 4050 368 4107 sinistra
380 4065 454 4125 parte
466 4055 528 4121 sita,
548 4053 585 4107 sic
603 4051 685 4106 etiam
769 4070 805 4118 17⁴
818 4051 940 4103 Tumulus
951 4047 1096 4114 defenditur
1106 4048 1170 4112 ipse.
1181 4031 1280 4131 lu<

177 4127 277 4180 infelix.
727 4127 846 4198 funditur
862 4149 940 4199 egre,
962 4126 1038 4180 multi
1059 4145 1090 4180 ex
1109 4123 1222 4194 antiquis
1251 4132 1271 4153 ¹

213 4205 250 4259 15.
268 4209 328 4272 Qua·
339 4212 391 4264 uisi
402 4213 513 4279 dempto
524 4214 606 4268 vuere
616 4218 687 4279 turpe
734 4217 814 4261 recte.
821 4206 858 4259 Η.
