2624 4816
114 424 182 510 aas
385 426 426 489 u.
454 424 640 492 ovrnrr
671 423 910 495 nssosrs

112 566 219 652 Nam,
238 588 342 663 quum
360 561 555 663 praestiteris
571 591 686 637 verum
703 563 793 647 mihi,
803 593 935 667 semper
951 594 1106 659 amorem3

164 679 231 752 Hic
249 695 356 751 tamen
370 675 508 750 adverso
526 694 675 779 tempore
693 680 795 754 crevit
812 710 914 757 amor.

115 795 252 894 Quique
270 809 344 865 tuas
359 790 483 892 pariter
498 790 660 893 lacrymas
675 811 871 896 nostrasque
887 797 1036 891 videret,
1141 821 1162 873 tt

165 910 329 983 Passurus
345 934 478 1009 poenam
495 909 641 983 crederet
659 938 730 986 esse
747 912 842 986 dnos.

114 1029 237 1100 Lenem
253 1039 287 1096 tc
301 1022 430 1096 miseris
448 1023 565 1119 gennit
579 1042 714 1113 natura,
732 1053 794 1100 nec
810 1024 872 1099 ulli

164 1141 285 1216 Mitius
301 1140 489 1236 ingenium,
507 1168 606 1242 quam
624 1142 706 1231 tihi,
726 1147 845 1231 Brute,
865 1144 979 1220 dedit:

116 1262 184 1342 Ut,
204 1256 262 1358 qui
279 1256 361 1359 quid
377 1256 484 1332 valeas
501 1258 632 1352 ignoret
648 1261 758 1332 Marte
769 1259 911 1350 forensi,
1216 1310 1220 1361 ⁴.

167 1375 272 1448 Posse
289 1391 347 1448 tuo
364 1357 479 1475 peragi
496 1373 549 1447 vix
565 1392 663 1475 putet
679 1404 737 1450 ore
754 1372 839 1451 reos.
1148 1399 1170 1450 to
1218 1368 1220 1473 l

117 1487 252 1564 Scilicet
267 1488 414 1586 ejusdem
429 1505 497 1577 est,
516 1488 664 1588 quamvis
681 1517 830 1590 pugnare
843 1490 997 1580 videtur,

168 1600 386 1704 supplicibus
401 1600 547 1690 facilem,
566 1602 723 1676 sontibus
740 1631 810 1678 esse
825 1621 974 1694 trucem3

34 1751 36 1756 ·
118 1724 235 1821 Quum
252 1719 314 1793 tibi
330 1736 484 1820 suscepta
502 1737 553 1794 est
567 1718 651 1815 legis
664 1720 808 1794 vindicta
825 1749 966 1811 severae,

168 1835 281 1908 Verba
296 1831 388 1907 velut
404 1833 545 1906 tinctum
563 1831 695 1929 singula
711 1835 802 1907 virus
818 1834 956 1908 habent.

121 1951 290 2026 Hostibus
306 1949 451 2036 eveniat,
471 1976 571 2050 quam
589 1950 635 2022 sis
651 1947 818 2024 violentus
835 1949 870 2022 in
888 1949 989 2025 armis
1150 1965 1172 2020 st

171 2066 317 2152 Sentice,
334 2082 367 2139 et
384 2065 506 2160 lingna
523 2063 589 2138 tela
607 2065 720 2137 subire
739 2081 821 2152 tuae;

122 2185 207 2282 Qua
223 2183 287 2257 tibi
305 2201 371 2256 tam
390 2182 481 2257 tenui
500 2210 578 2256 cura
595 2180 771 2270 limantur,
790 2200 829 2254 ut
846 2208 961 2256 omncs

169 2300 272 2374 lstius
289 2299 459 2394 ingenium
477 2299 627 2398 corporis
644 2326 713 2371 esse
729 2314 860 2392 negent.

62 2402 67 2425 ⁸
122 2422 188 2505 At,
207 2418 235 2492 si
254 2446 352 2517 quem
368 2415 443 2490 laedi
458 2415 592 2490 fortuna
609 2414 717 2491 cernis
733 2415 869 2515 iniqua,

172 2532 314 2607 Mollior
329 2550 379 2606 cst
395 2532 506 2605 animo
525 2531 646 2605 semina
663 2529 754 2603 nulla
772 2549 843 2604 tuo.
1154 2546 1178 2615 ts

126 2654 202 2725 Hoc
220 2678 281 2746 ego
298 2648 463 2749 precipue
479 2648 585 2734 sensi,
602 2676 705 2747 quum
724 2675 843 2741 magna
858 2673 1010 2721 meorum

175 2765 337 2840 Notitiam
354 2791 431 2863 pars
447 2779 497 2835 est
512 2760 747 2836 inficiatamei.

128 2885 305 2954 Immemor
321 2878 471 2960 illorum,
491 2878 590 2951 vestri
606 2906 677 2950 non
692 2878 866 2951 immemor
880 2905 1049 2978 unquam,

100 3029 103 3039 ·
180 2997 250 3092 Qui
265 2995 348 3069 mala
363 2993 498 3069 solliciti
514 3012 627 3067 nostra
642 2992 796 3082 levastis,
813 3019 880 3064 ero.

165 3189 204 3241 aq.
212 3166 307 3233 Atqui,
320 3170 481 3234 quidvaleas,
490 3172 595 3232 ignorat.
603 3165 639 3218 Ut
686 3183 739 3232 quo
758 3183 853 3232 magna
871 3172 912 3216 est
927 3160 985 3216 laus
1007 3163 1107 3231 Bruti,
1128 3160 1185 3232 qnod

131 3249 177 3316 qui
190 3247 253 3314 quid
262 3245 351 3295 valeas
368 3248 464 3310 ignoret
478 3262 509 3294 ex
523 3243 637 3312 castiga·
689 3252 762 3295 tanta
774 3252 813 3295 est
825 3242 881 3309 ejus
892 3240 1047 3309 eloquentia
1057 3281 1065 3309 ,
1081 3253 1109 3296 ut
1120 3242 1147 3294 in
1156 3259 1187 3293 ac·

133 3324 248 3379 tioribus.
261 3321 362 3374 Hnnts.
689 3321 809 3375 cusandis
825 3321 876 3372 reis
890 3318 993 3390 singula
1007 3323 1090 3376 verba
1101 3323 1150 3376 sint
1160 3320 1188 3374 itt

166 3404 206 3455 30.
222 3403 301 3454 Posse
307 3401 404 3465 peragi.
420 3397 496 3450 Posse
511 3398 642 3454 damnari.⁴
690 3396 1188 3464 efficacia,utvideansurvenenotttita

134 3484 204 3534 Reus
214 3477 285 3532 enim
296 3474 484 3541 diciturperagi
489 3516 496 3536 ‚
506 3495 589 3545 quum
598 3476 641 3529 ali·
723 3479 763 3546 37.
772 3481 832 3544 Qua
839 3481 965 3528 limantur.
972 3475 1044 3544 Quae
1051 3479 1189 3532 telaacunn·

134 3560 209 3627 cujus
219 3553 368 3626 eloquentia
381 3551 530 3607 damnatur.
542 3581 575 3593 —
591 3558 643 3608 Vix
692 3568 735 3609 tur
750 3566 777 3608 et
790 3565 965 3624 parantur-r·
978 3555 1045 3608 Tam
1055 3562 1127 3611 teari
1134 3571 1190 3608 curn.

130 3647 209 3705 putet.
221 3633 274 3687 Vix
285 3630 430 3685 existimet:
442 3629 501 3696 quia
513 3628 604 3682 vident
615 3641 642 3683 te
692 3635 761 3687 Tam
772 3633 859 3686 subtili
872 3631 1017 3700 diligentia.
1027 3661 1062 3672 —
1075 3636 1112 3688 Ut
1120 3649 1191 3687 omes

136 3723 230 3766 natura
248 3712 341 3764 mitem
357 3717 384 3760 et
400 3705 474 3774 plum
492 3706 601 3758 miseris·
611 3732 644 3746 -·
692 3716 767 3764 istim
777 3715 910 3777 eugenium.
922 3710 962 3763 Ut
972 3729 1085 3778 omnes,
1102 3710 1191 3780 inquit,

141 3795 195 3845 Tuo
206 3812 254 3845 ore.
269 3793 328 3844 Tua
340 3785 497 3858 eloquentia,
694 3788 917 3841 arbitrenturnon
926 3785 953 3838 id
961 3786 1021 3840 fieri
1029 3800 1078 3842 tuo
1086 3805 1192 3859 corpote,

169 3874 209 3924 31.
220 3876 336 3940 Pugnare
348 3874 451 3923 videtur.
469 3869 590 3921 Videmw
601 3885 645 3919 sex
693 3879 720 3920 et
730 3866 848 3919 humano
861 3865 985 3935 ingenio,
1003 3867 1051 3920 sed
1068 3868 1160 3921 viribus
1171 3872 1192 3917 et

136 3948 242 4018 scripti;
259 3960 285 4002 et
298 3961 357 4002 tum
369 3948 427 4001 dele
438 3951 463 4002 sl
474 3956 515 3999 est
523 3963 583 3998 cum
595 3945 645 3997 tri·
693 3946 801 4016 ingenio
815 3945 912 3999 divino.

66 4020 78 4036 '
138 4028 187 4080 bus
200 4027 278 4080 libris.
298 4026 424 4080 Sedcum
437 4023 646 4079 nostriscodici-
727 4025 766 4088 44.
782 4024 1193 4088 (luimalasollr'cr'teaustralem·

136 4104 187 4157 bus
197 4123 300 4156 servare
314 4107 385 4172 prius
396 4103 484 4156 malni.
694 4104 735 4154 tis.
751 4103 863 4153 Solliciti
875 4119 935 4152 cum
953 4101 1032 4153 Polit.
1047 4111 1074 4154 et
1088 4099 1192 4169 quinque

173 4183 213 4248 34.
225 4185 597 4236 Habeutvelntvr'ruste'uctum.
610 4177 649 4232 Ex
695 4178 749 4232 aliis
760 4200 768 4245 ;
784 4183 888 4234 lerastss
897 4177 1035 4251 Barberin.
1050 4180 1190 4238 Praeterea.
