2624 4816
163 440 229 508 EX
253 438 432 506 PONTO
455 439 553 504 LIB.
579 438 647 506 lv.
672 436 840 506 EPIST.
866 439 977 506 VIII.
1034 436 1099 522 443

31 583 111 656 Non
129 580 209 655 sinit
225 579 280 655 illa
297 578 349 652 sui
365 607 463 652 vanas
479 575 636 651 antistitis
653 604 801 677 unquam
1070 599 1103 649 25
1161 640 1164 645 .

82 699 165 769 Esse
183 721 318 796 preces:
335 692 460 767 nostris
477 692 556 766 hinc
572 710 648 792 pete
663 693 764 766 rebus
781 720 889 793 opem.

35 807 232 906 Quamlibet
248 809 365 905 exigua
382 807 409 882 si
427 836 490 880 nos
507 834 542 881 ea
557 807 678 905 juverit
695 835 791 896 aura,

88 926 222 999 Obruta
239 926 277 1000 de
293 926 410 1003 mediis
427 925 544 1025 cymba
562 941 711 1019 resurget
725 925 830 1024 aquis.

36 1043 135 1115 Tunc
152 1072 214 1138 ego
231 1060 305 1115 tura
320 1043 421 1116 feram
438 1039 564 1142 rapidis
582 1039 742 1114 solemnia
757 1041 915 1131 llammis3

87 1161 150 1245 Et,
172 1157 298 1232 valeant
315 1176 475 1257 quantum
490 1157 644 1244 numina,
665 1157 758 1232 testis
775 1186 843 1231 cro.
1078 1177 1111 1228 to

37 1277 108 1348 Nec
125 1275 187 1347 tibi
205 1275 244 1348 de
260 1275 356 1347 Pario
374 1292 536 1362 statuam,
556 1274 770 1363 Germanice,
791 1273 950 1375 templum

89 1391 282 1463 Marmore:
301 1389 425 1490 carpsit
443 1418 523 1491 opes
541 1388 599 1463 illa
615 1390 711 1462 ruina
725 1416 823 1462 meas.

38 1507 179 1609 Templa
198 1509 315 1581 domus
333 1507 429 1580 vobis
443 1506 566 1581 faciant
581 1507 748 1606 urbesque
764 1507 890 1581 beatae:

91 1627 181 1697 Naso
200 1624 270 1697 suis
288 1623 431 1725 opibus,
451 1625 610 1711 carmine,
629 1641 741 1719 gratus
759 1624 828 1696 erit.

41 1737 148 1811 Parva
166 1738 298 1837 quidem
315 1739 423 1811 fateor
439 1766 502 1839 pro
518 1739 647 1835 magnis
664 1767 800 1813 munera
815 1739 924 1826 reddi,
1085 1757 1117 1809 35

95 1855 211 1949 Quum
229 1882 291 1952 pro
307 1882 465 1929 concessa
479 1856 578 1930 verba
595 1855 699 1929 salute
715 1856 840 1931 damus.

44 1969 114 2044 Sed
130 1970 206 2069 qui,
227 1999 324 2070 quam
342 1971 473 2071 potuit,
493 1972 550 2046 dat
568 1973 729 2062 maxima,
748 1992 862 2071 gratus
877 1971 1008 2046 abunde
1022 1988 1092 2060 est;
1135 1978 1138 1985 ’

96 2084 142 2155 Et
159 2083 256 2156 finem
273 2084 377 2185 pietas
395 2086 536 2182 contigit
551 2085 608 2160 illa
627 2117 734 2162 suum.

45 2203 139 2287 Nec,
160 2230 231 2301 quae
248 2201 288 2273 de
306 2232 404 2304 parva
422 2206 484 2277 Dts
501 2232 628 2305 pauper
644 2204 728 2278 libat
747 2233 874 2292 acerra,

97 2322 188 2394 Tura
206 2322 333 2409 minus,
354 2322 471 2417 grandi
488 2350 588 2421 quarn
605 2323 680 2395 data
698 2321 806 2410 lance,
823 2321 952 2394 valent:
1088 2341 1122 2408 40

48 2441 212 2540 Aguaque
230 2457 297 2512 tam
311 2439 452 2526 lactens,
473 2467 571 2539 quam
590 2439 735 2534 gramine
750 2456 846 2539 pasta
860 2436 990 2512 Falisco

99 2557 261 2644 Victima,
279 2559 440 2658 Tarpeios
457 2556 564 2630 inficit
580 2559 644 2630 icta
661 2558 766 2630 socos.

49 2673 122 2746 Nec
138 2688 264 2759 tamen,
285 2671 394 2744 officio
408 2690 519 2746 vatum
535 2700 595 2772 per
613 2672 757 2745 carmina
770 2670 878 2759 lacto,

103 2787 317 2888 Principibus
333 2818 385 2862 res
403 2807 453 2862 est
472 2789 596 2883 gratior
610 2787 678 2862 ulla
694 2789 783 2862 viris.

54 2905 209 2980 Carmina
227 2922 408 2985 vestrarum
425 2923 589 3006 peragunt
607 2904 773 3007 praecouia
790 2903 946 2979 laudum:
1041 2955 1044 2961 -
1094 2920 1128 2988 45

105 3023 195 3095 Neve
213 3021 256 3096 sit
271 3038 420 3095 actorum
436 3020 522 3094 sama
539 3020 662 3094 caduca
679 3038 801 3094 cavent.

56 3137 211 3213 Carmine
227 3137 266 3211 fit
281 3138 375 3211 vivax
390 3138 514 3226 virtus3
532 3166 714 3239 expersque
732 3136 892 3238 sepulcri,

106 3257 269 3333 Notitiam
286 3285 364 3331 serae
380 3256 587 3356 posteritatis
603 3255 714 3330 babet.

57 3373 188 3448 Tabida
206 3371 373 3447 consumit
387 3371 512 3462 ferrum
528 3372 737 3474 lapidemque
753 3391 898 3448 vetustas
911 3402 920 3461 ;

109 3490 277 3591 Nullaque
294 3519 346 3563 res
362 3483 470 3588 majus
487 3505 635 3589 tempore
652 3490 758 3563 robur
767 3489 879 3564 babet.
1100 3509 1132 3559 50

59 3606 192 3711 Scripta
209 3606 321 3680 ferunt
339 3634 444 3680 annos
459 3635 466 3678 ε
484 3605 617 3709 scriptis
632 3607 883 3703 Agamemnona
898 3605 1009 3691 nosti;

96 3813 137 3863 25.
147 3809 208 3863 Illa.
216 3807 319 3861 Scilicet
327 3825 372 3861 ara
381 3805 575 3862 Germanici-
628 3811 746 3863 Victima.
759 3809 900 3878 Quantum
914 3807 1042 3886 iuvencus
1053 3803 1138 3857 nntri-

63 3885 112 3941 Sui
119 3890 251 3941 antistitis.
260 3883 307 3937 Sui
317 3884 471 3950 sacerdotis,
484 3886 575 3954 eteius
624 3886 666 3928 tus
677 3874 775 3941 herba,
792 3892 850 3943 quaa
862 3873 891 3928 iu
902 3871 1002 3926 Falrsco
1014 3889 1077 3941 agro
1090 3890 1138 3923 na-

64 3963 109 4033 qui
121 3962 154 4019 ad
166 3961 237 4016 illam
251 3961 379 4031 confugit.
419 4024 422 4029 Ι
625 3954 753 4009 sectatur.
1089 4025 1095 4038 .

99 4041 141 4114 39.
151 4043 206 4095 Nec
215 4050 320 4110 quoeetc
330 4043 383 4093 Nec
389 4034 458 4110 quod
461 4041 577 4106 deparra
658 4033 700 4098 ⁴²·
717 4034 838 4097 Tarpeios
839 4029 925 4097 socos.
937 4028 1021 4080 Focor
1030 4024 1137 4096 Caprto-

67 4129 108 4174 tus
113 4139 214 4188 pauper
222 4119 334 4173 Medon.
518 4175 521 4181 Ι
627 4111 828 4178 linos-Irrficr't.
836 4105 929 4176 Tingit
939 4123 1040 4159 cruore.

101 4201 142 4267 4ι.
163 4200 247 4265 Quam
259 4201 371 4264 gramine
384 4203 462 4264 pasta
476 4198 578 4251 Falisco
653 4191 692 4260 49.
705 4189 804 4243 Tabr'da
811 4196 932 4241 vetustas.
940 4183 1096 4253 longinqua
1104 4199 1139 4233 se·
