2624 4816
121 397 182 464 160
403 395 901 493 r.0vln111tnsou1s

114 540 161 612 Et
177 533 235 637 qui
252 535 400 609 Cesareo
415 534 548 632 juvenes
567 538 630 611 sub
646 538 781 612 nomine
798 556 968 628 crescunt,

163 654 330 752 Perpetuo
349 669 450 724 terras
467 668 506 724 ut
523 651 641 727 domus
657 655 721 727 ista
736 671 848 749 regat:
866 638 869 647 Ι

116 768 266 867 Cumque
282 765 382 838 bonis
398 764 538 838 nuribus
556 795 619 867 pro
636 768 761 868 sospite
778 767 870 840 Livia
886 784 967 842 nato

165 885 307 958 Munera
324 882 380 956 det
395 881 537 972 meritis,
556 912 641 984 saepe
657 885 793 973 datura,
810 885 911 960 Deis:

115 1001 161 1073 Et
174 997 297 1098 pariter
315 1013 452 1085 matres,
470 1015 503 1071 et
522 1027 594 1098 quae
610 999 680 1071 sine
697 999 832 1073 crimine
845 1015 954 1073 castos

164 1115 326 1213 Perpetua
342 1132 472 1188 servant
484 1113 671 1209 virginitate
688 1114 793 1189 focos.

116 1230 222 1304 Plebs
238 1231 311 1331 pia,
331 1259 468 1331 cumque
484 1230 539 1330 pia
554 1230 705 1304 laetentur
720 1229 817 1332 plebe
834 1248 985 1320 senatus,
1140 1247 1162 1301 ιε

165 1347 334 1448 Parvaque
349 1348 442 1445 cujus
459 1376 547 1421 eram
562 1373 640 1447 pars
654 1375 715 1442 ego
731 1375 857 1449 nuper,
875 1375 984 1448 eques.
1114 1352 1122 1369 ”

117 1463 190 1534 Nus
208 1461 324 1562 procul
343 1462 497 1562 expulsos
515 1461 699 1535 communia
716 1462 834 1556 gaudia
850 1460 986 1550 fallunt,

167 1570 331 1678 Famaque
347 1595 414 1650 tam
428 1576 525 1672 longe
543 1606 612 1649 non
628 1577 693 1650 nisi
709 1606 807 1678 parva
822 1578 921 1659 venit.

118 1699 209 1790 Ergo
229 1695 336 1769 omnis
352 1696 477 1795 poterit
490 1693 636 1795 populus
653 1712 800 1794 spectare
818 1695 1022 1797 triumphos,

169 1812 320 1913 Cumque
337 1812 459 1884 ducum
476 1810 583 1883 titulis
604 1811 726 1911 oppida
743 1829 837 1912 capta
854 1809 942 1907 leget
956 1840 964 1901 ;
1136 1841 1162 1880 u

119 1926 302 2027 Vinclaque
317 1927 444 2027 captiva
458 1955 551 2022 reges
569 1927 692 2000 cervice
709 1945 874 2022 gerentes,

170 2041 258 2113 Ante
274 2057 451 2113 coronatos
468 2040 516 2112 ire
532 2039 656 2114 videbit
674 2069 796 2140 eqn0s;

121 2159 166 2230 Et
182 2174 291 2229 cernet
308 2154 419 2229 vultus
436 2153 508 2229 aliis
523 2185 585 2255 pro
603 2174 749 2257 tempore
767 2184 900 2245 versos,

154 2363 178 2415 9.
195 2342 245 2393 Sub
257 2345 355 2393 nomine
364 2342 482 2406 gaudent.
495 2339 575 2394 Unde
589 2340 627 2393 it·
676 2341 756 2395 tanda
765 2353 804 2396 est
811 2340 940 2395 traductio
950 2339 1040 2393 similis
1049 2337 1085 2392 illi
1094 2331 1168 2392 Cattd·

121 2420 167 2473 iud
177 2423 288 2487 ,gaudent
295 2419 323 2471 in
331 2429 407 2471 notas
416 2416 514 2488 Micytti
526 2417 629 2472 venerit
676 2421 766 2487 linare,
784 2421 811 2472 in
830 2419 986 2489 Epithalam.
1002 2439 1016 2464 «
1030 2418 1107 2471 Bona
1118 2429 1168 2471 euttt

122 2497 210 2551 nescio
222 2517 229 2550 ε
239 2497 309 2566 ipse,
321 2507 351 2550 ut
363 2515 455 2549 omnes
466 2497 521 2549 aiiae
533 2495 629 2549 editio·
675 2499 745 2552 bona
753 2498 836 2552 Nubit
848 2498 907 2550 alite
917 2497 1007 2566 virgo:
1020 2517 1034 2543 u
1046 2505 1122 2566 atque
1133 2493 1170 2547 ia·

124 2574 628 2644 nes,insuaexprelssitcrescuul.Bunm.
675 2574 782 2628 miliaris
790 2574 879 2627 astilia
888 2574 987 2642 species
999 2577 1170 2640 sternitis-ltu

159 2675 196 2707 ιι.
210 2657 272 2706 Cum
287 2657 359 2705 bonis
374 2656 482 2705 nuribus.
498 2652 555 2721 Ego
572 2671 627 2704 non
677 2653 756 2707 etiam
768 2652 869 2706 Plauto.
882 2652 992 2704 Bnusnt.

124 2732 238 2796 Tiberii,
256 2740 301 2783 aut
316 2730 397 2784 Drusi
411 2749 503 2782 uxores
517 2729 628 2798 accipio,
712 2729 749 2784 16.
770 2731 849 2796 Cujus
865 2749 911 2797 effu
928 2749 1006 2796 nuper
1021 2749 1091 2783 eram
1103 2742 1174 2798 paret

124 2831 206 2882 quum
218 2811 317 2864 Tiberii
330 2829 388 2879 quae
401 2821 457 2864 erat
468 2810 538 2863 Juiia
550 2810 629 2862 vide·
673 2829 743 2878 pars.
760 2809 822 2861 Fuit
835 2807 906 2860 enirn
919 2805 1032 2860 Ovidius
1048 2812 1175 2878 equentd

124 2890 184 2943 licet
192 2928 199 2955 ,
208 2888 319 2956 Augusti
327 2887 393 2953 fitia,
405 2889 459 2956 jam
467 2887 578 2956 relegata
590 2906 630 2940 es·
677 2887 791 2958 equestri
805 2897 877 2940 ortus
888 2884 994 2937 familia.
1122 2946 1126 2953 Ι

124 2977 178 3019 set:
189 2963 235 3017 sed
245 2964 396 3019 Germanici
409 2977 436 3018 et
448 2965 529 3018 Drusi
541 2965 630 3033 junio·
713 2971 750 3022 18.
769 2971 828 3023 Non
840 2970 894 3020 nisi
903 2986 984 3034 parra
1001 2971 1077 3020 wau.
1093 2964 1182 3020 scn‘be

123 3044 158 3096 ris
166 3082 174 3109 ,
183 3061 295 3111 quornm
305 3043 377 3095 alteri
387 3043 528 3112 Agrippina
536 3080 543 3107 ‚
552 3044 570 3094 J
572 3042 629 3096 uliae
677 3049 752 3098 tarda
763 3050 832 3098 venr'l
838 3061 848 3108 ;
866 3062 928 3096 nam
936 3062 1019 3109 parra
1033 3041 1111 3111 paulo
1123 3050 1181 3101 ante

125 3130 152 3173 et
165 3120 288 3189 Agrippae
302 3119 372 3183 fiiia3
387 3119 462 3172 alteri
478 3118 631 3172 Germanici
678 3132 850 3188 precesserat.
860 3120 945 3172 Possit
953 3131 978 3172 et
986 3139 1044 3172 scra
1054 3118 1118 3189 legi,
1128 3117 1181 3180 vel..

124 3216 199 3250 soror
206 3197 382 3263 Livia‚nupta
391 3206 460 3262 erat,
471 3205 502 3247 ut
509 3195 631 3248 exTaciti
678 3215 753 3260 ωιτη
772 3197 817 3249 sed
835 3196 919 3266 prima
936 3196 1090 3264 conjectura
1105 3193 1179 3265 ma&

125 3277 197 3331 Anu.
207 3275 218 3326 1
227 3274 287 3327 etll
296 3273 516 3325 manifestumest.
527 3271 631 3324 Dicun·
679 3273 789 3327 adridet.
801 3274 837 3327 H.

123 3360 269 3407 tutantem
282 3366 364 3400 nurus
374 3367 428 3400 non
445 3357 546 3401 tantum
558 3369 572 3400 a
584 3369 632 3418 pa-
714 3371 752 3424 ¹9·
762 3353 832 3419 Ergo
847 3358 928 3405 omnis
941 3357 1059 3421 populns.
1073 3355 1115 3407 En
1132 3353 1180 3406 duo

124 3429 241 3486 rentibus
253 3427 422 3490 maritorum,
434 3425 480 3478 sed
491 3437 518 3478 et
528 3428 559 3479 ab
571 3428 631 3480 avis.
678 3440 795 3492 veteres;
807 3448 888 3496 unus,
900 3432 956 3482 Sic:
967 3442 1060 3483 metuo
1066 3451 1101 3486 ne
1109 3446 1181 3485 men·

161 3531 198 3564 12.
222 3509 328 3560 Munera
349 3509 401 3556 dat.
421 3507 473 3556 Det
489 3506 630 3571 meliores;
679 3508 744 3561 dum
754 3507 839 3562 lateat.
855 3510 890 3562 H.

126 3604 197 3647 recte
215 3609 221 3642 τ
237 3598 263 3641 et
282 3605 344 3638 mox
360 3590 456 3637 leretur
473 3591 635 3653 prolatatur
712 3604 753 3637 20.
767 3588 873 3653 Cumque
881 3588 970 3638 ducum
981 3589 1073 3638 tuutt's.
1083 3581 1184 3656 Captivi

125 3671 224 3733 iidem3
239 3666 291 3719 duo
303 3675 391 3718 tamen
402 3667 525 3716 latratur.
541 3664 630 3718 Scribe
679 3673 706 3717 et
729 3663 784 3715 loca
805 3662 960 3733 imaginibus
980 3663 1136 3733 scriptisque
1158 3661 1184 3715 in
1203 3696 1206 3703 ·

126 3750 244 3799 Iaetentur.
256 3743 293 3796 H.
680 3740 844 3810 triumphuni
856 3742 1051 3796 deferebantur.
1065 3744 1184 3812 Propert.

161 3823 199 3875 13.
210 3824 450 3887 Etparitermarres.
460 3818 505 3873 Ob
513 3818 579 3872 filios
589 3839 632 3872 so·
679 3832 705 3874 e!
716 3824 798 3873 titulis
811 3823 903 3888 oppida
915 3829 990 3887 capta
1002 3824 1094 3886 legam.
1109 3820 1192 3883 Mun.¹

126 3900 211 3969 spitus.
222 3899 308 3965 Maio,
321 3900 390 3953 Dent
395 3901 507 3966 parilem
522 3916 580 3966 quae
591 3917 632 3949 re·
714 3921 753 3952 22.
764 3900 833 3953 Ante
841 3908 979 3952 coronatos.
987 3897 1186 3969 Triumpbantis

125 3978 218 4048 petitio
228 3997 333 4031 sensum
346 3979 500 4050 erigit-Et
507 3999 560 4047 qua·
570 3981 632 4030 sine.
680 3998 788 4033 currum
794 3979 932 4032 trabebant
940 3976 1001 4046 equi
1010 3976 1118 4031 candidi
1124 3982 1187 4045 'qua-

128 4054 254 4110 Vestales.
680 4055 1187 4126 tuor:quietipsilanrocoronabantur.

164 4139 201 4188 15.
216 4136 291 4186 Plebs
304 4141 368 4204 pia,
387 4155 489 4204 cumque
501 4137 556 4202 pia.
571 4133 633 4189 No·
714 4137 753 4189 23.
763 4140 859 4203 ¹Vultus
877 4154 969 4189 versos.
984 4135 1082 4193 Vultus
1100 4144 1189 4189 mutar
