2624 4816
182 444 251 510 EX
276 440 454 508 PONTO
477 440 572 506 LIB.
599 440 667 507 IV.
692 439 859 506 EPIST.
885 442 952 508 IX.
1041 382 1107 537 idq

45 585 145 658 Nunc
163 583 267 656 lacere
283 582 318 654 in
334 580 442 654 medio
461 580 639 653 facundum
654 579 752 652 verba
771 597 906 672 senatu,

99 697 238 772 Publica
255 713 448 796 quaerentem
469 694 549 794 quid
566 713 657 794 petat
673 696 807 770 utilitas.

50 816 166 898 Nunc,
184 839 246 910 pro
263 809 464 893 Cesaribus,
482 809 617 908 Superis
635 807 805 881 decernere
822 830 943 905 grates,

101 928 227 1002 Albave
246 928 433 1026 opimorum
451 923 534 998 colla
550 925 647 997 scrire
662 925 775 998 boum.
1081 951 1115 1003 50

51 1048 164 1144 Atque
181 1043 327 1129 utinam,
346 1070 448 1142 quum
463 1041 528 1138 jam
546 1039 646 1112 fueris
662 1038 792 1138 potiora
804 1062 975 1142 precatus,

101 1165 151 1233 Ut
167 1159 247 1232 mibi
262 1157 412 1258 placetur
426 1155 571 1228 numinis
587 1154 651 1241 ira,
670 1157 785 1247 roges!

53 1276 177 1368 Surget
192 1272 233 1345 ad
251 1272 334 1344 hanc
349 1297 462 1342 vocem
480 1266 576 1368 plena
593 1266 669 1365 pius
683 1266 771 1360 ignis
786 1267 829 1338 ab
846 1297 918 1355 ara,

102 1390 234 1489 Detque
252 1388 381 1460 bonum
397 1402 476 1456 voto
493 1382 623 1455 lucidus
640 1408 734 1453 omen
752 1411 844 1482 apex.

54 1506 203 1588 Interea,
222 1531 286 1603 qua
301 1520 393 1601 parte
410 1498 503 1585 licet,
519 1526 561 1569 ne
577 1515 695 1569 cuncta
712 1526 906 1597 queramur,
1084 1525 1120 1577 55

104 1618 170 1690 Hic
189 1645 320 1716 quoque
338 1633 369 1687 te
385 1614 506 1686 festum
524 1609 658 1684 consule
677 1628 807 1711 tempus
823 1641 927 1707 agam.

54 1734 170 1811 Altera
185 1733 321 1818 letitiae,
338 1758 397 1802 nec
411 1729 529 1802 cedens
546 1756 641 1800 causa
658 1727 780 1827 priori,

108 1851 284 1923 Successor
302 1846 382 1920 tanti
399 1845 500 1919 frater
513 1843 671 1930 honoris,
689 1844 760 1916 erit.
826 1830 832 1846 ⁸

56 1970 143 2040 Nam
162 1965 223 2036 tibi
239 1963 367 2037 linitum
386 1990 535 2047 summo,
556 1958 722 2044 Graecine,
742 1959 904 2033 decembri

107 2081 304 2181 imperium,
323 2078 398 2150 Jani
418 2076 557 2174 suscipit
572 2073 627 2146 ille
646 2074 707 2146 die.

60 2199 212 2294 Quaque
231 2194 332 2267 estin
348 2191 444 2264 vobis
461 2191 585 2291 pietas,
603 2188 726 2261 alterna
741 2189 852 2264 seretis

114 2310 254 2395 Gaudia,
273 2326 309 2380 tu
326 2307 436 2380 fratris
453 2305 614 2391 fascibus,
633 2302 688 2376 ille
705 2304 780 2378 tuis.

60 2427 118 2501 Sic
135 2444 171 2498 tu
187 2423 241 2496 bis
255 2423 356 2496 fueris
374 2420 504 2507 consul,
523 2420 576 2493 bis
593 2418 709 2493 consul
726 2437 759 2492 et
775 2419 850 2507 ille,

111 2541 217 2637 Inque
235 2537 335 2609 domo
353 2536 463 2608 bimus
480 2532 701 2632 conspicietur
716 2533 845 2631 bonor..

62 2655 133 2753 Qui
150 2680 336 2754 quanquam
356 2670 404 2724 est
421 2651 557 2745 ingens,
576 2667 609 2722 et
626 2647 754 2722 nullum
771 2649 893 2723 Martia
910 2678 1038 2725 summo
1090 2675 1125 2727 65

111 2769 224 2843 Altius
239 2768 413 2867 imperium
429 2764 564 2839 consule
582 2769 689 2839 Roma
707 2764 811 2851 videt;

96 2935 137 3002 iq
154 2933 254 2999 Superis
266 2934 395 2983 decernere
406 2938 497 2996 pates.
512 2897 574 2981 De:-
622 2927 697 2980 multi
707 2938 822 2991 veteres;
835 2932 1006 2982 laicir‘oereete
1016 2941 1068 2984 tres
1077 2933 1128 2986 alii.

61 3029 174 3066 cernere
193 3009 411 3080 supplicationes,
437 3010 464 3061 in
481 3009 574 3076 quibus
656 3010 694 3074 59.
711 3007 809 3057 Summo
826 3009 956 3058 decembri.
974 3007 1086 3062 Summa
1103 3024 1130 3066 et

61 3087 154 3158 gratiae
168 3087 225 3140 Diis
240 3089 384 3158 agebantur
394 3087 428 3140 ob
440 3085 574 3139 victoriam
623 3094 738 3136 extrema
751 3094 823 3151 parte
836 3084 988 3139 decembris.

62 3165 188 3232 aliquam.
655 3161 695 3213 bo.
703 3163 842 3228 Imperium.
850 3160 1132 3220 Consulatum-,lani
1146 3188 1149 3193 ·

99 3235 140 3285 52.
149 3233 276 3296 Pnacnn
286 3236 332 3282 ira.
343 3233 458 3283 Numinis
468 3226 573 3282 combii
621 3241 668 3289 ἄϊε,
679 3237 806 3290 Kalendis
819 3238 946 3295 ianuarii.
958 3269 992 3281 -
1002 3246 1058 3296 Ille.
1070 3245 1130 3298 Sci-

64 3321 93 3363 et
106 3309 206 3363 Mureti
218 3308 291 3361 liber.
303 3309 404 3361 Huius.
620 3314 681 3368 licet
690 3314 773 3366 frater
784 3326 851 3369 tuus.

100 3387 142 3452 54.
160 3387 272 3438 Lucidus
283 3404 356 3452 apex.
371 3386 427 3452 lpse
440 3383 507 3453 ignis
521 3382 573 3435 cla·
655 3391 695 3456 64.
706 3393 788 3442 Binus
801 3397 967 3458 conspicietur
975 3398 1058 3448 bonor.
1072 3396 1129 3448 Im-

64 3473 151 3516 cunct
164 3480 245 3531 purus
259 3463 286 3513 in
301 3462 372 3531 apice
385 3472 411 3514 et
423 3461 572 3514 cacumine:
623 3485 668 3519 mo
680 3471 772 3528 bimus,
788 3469 808 3520 si
817 3470 880 3537 quid
888 3471 978 3535 vide03
989 3473 1058 3541 quod
1067 3493 1129 3527 con-

24 3590 38 3609 „
65 3541 95 3594 id
106 3540 181 3594 enim
192 3539 304 3593 maxime
316 3539 494 3592 observabant.
623 3544 711 3597 firmat
730 3545 989 3616 Rottendorphianus
1005 3569 1011 3600 :
1029 3563 1131 3603 senten-

101 3618 143 3668 55.
164 3618 222 3682 Qua
231 3623 307 3682 parte
325 3619 391 3668 licet.
411 3614 475 3682 Quo
494 3614 575 3666 modo
622 3627 685 3674 tiam
696 3627 788 3674 bimam
802 3634 876 3676 vocat
890 3622 998 3690 Cicero,
1013 3626 1055 3679 lib.
1071 3628 1129 3696 Ill,

66 3712 191 3765 possum,
204 3695 254 3748 hoc
264 3705 317 3760 est,
332 3704 436 3759 mente,
451 3693 576 3762 (111111001-
625 3699 707 3768 Epist.
716 3716 785 3767 v111,
800 3700 830 3750 ad
842 3700 957 3768 Appium
968 3701 1000 3756 de
1009 3705 1131 3772 regendis

66 3791 133 3842 pore
151 3790 205 3825 non
223 3772 283 3825 licet
297 3770 385 3824 adesse
401 3782 452 3823 tuae
468 3788 576 3839 pompa·
626 3777 1131 3846 pereosdempraelectosperbiennium

66 3852 150 3904 -Ne
164 3860 256 3903 cuncta
273 3869 408 3917 queramur.
423 3849 461 3901 Ne
477 3848 577 3917 singula
626 3854 783 3922 provinciis:
798 3861 843 3906 nin
859 3858 926 3906 bima
942 3856 1038 3909 Nostro
1052 3859 1137 3915 Trist‘

68 3948 175 4000 pompae
189 3930 267 3998 hujus
279 3929 424 3998 spectacula
438 3946 498 3982 cum
512 3947 578 3995 que·
626 3930 670 3982 lib.
682 3931 736 3996 Ill,
749 3931 820 4000 Eleg.
830 3945 860 3993 11,
872 3949 908 3983 rs.
921 3931 965 3996 163
979 3938 1069 3987 bibrum
1079 3956 1132 3990 rne-

68 4011 127 4064 rela
138 4029 352 4064 commemorem.
368 4009 418 4062 Vel
428 4010 522 4074 etiam,
537 4008 577 4061 Ne
626 4028 679 4061 rum
693 4008 875 4073 Horatio‚iib.
890 4011 923 4078 1,
945 4012 998 4067 Od.
1011 4030 1076 4083 xtx,
1095 4038 1133 4072 vs.

68 4087 104 4141 ad
117 4087 207 4140 omnia
217 4087 300 4140 maesti
308 4107 337 4141 ac
346 4085 447 4155 queruli
458 4085 546 4138 simus.
631 4087 661 4138 16
671 4108 677 4149 ;
689 4098 716 4139 et
728 4092 794 4138 bunc
800 4086 888 4152 fronte
901 4094 995 4145 vitulus
1006 4091 1135 4167 Virgilio,

104 4168 146 4235 57.
161 4167 251 4224 Altera
261 4168 353 4219 laeliiioe
363 4174 409 4227 esi.
424 4165 526 4216 darien
540 4169 580 4214 esi
630 4160 673 4215 lib.
686 4163 736 4229 lV,
749 4162 847 4232 Georg.
857 4184 912 4237 ²99·
927 4167 1027 4225 Hune.

170 4255 262 4327 Vll.
936 4283 979 4349 ²9
