2624 4816
112 404 179 489 tta
394 408 433 473 P.
464 404 900 477 0v1n11nasou1s

96 538 100 543 ⁸
162 548 232 619 Nec
250 572 301 618 me
319 544 413 618 testis
430 544 494 618 eris
512 543 592 619 salsa
611 544 716 620 solere
732 548 838 646 queri.

112 664 257 740 Accedet
272 663 343 737 voci
361 691 421 764 per
438 681 469 736 te
487 692 557 737 non
573 663 666 738 irrita
683 682 827 753 nostrat,

163 777 296 879 Alpinis
309 776 438 876 juvenis
453 778 589 873 regibus
607 795 698 866 orte,
717 778 811 854 fides.

113 901 192 999 Ipse
207 895 298 969 vides
316 913 402 969 certe
419 893 521 990 glacie
540 922 748 971 concrescere
763 896 929 987 Pontum;

164 1013 240 1112 lpse
255 1009 345 1083 vides
360 1009 470 1104 rigido
486 1009 606 1083 stantia
619 1009 697 1083 vina
712 1006 797 1104 gelu.

115 1129 192 1227 Ipse
209 1125 320 1212 vides,
340 1143 473 1198 onerata
491 1125 585 1199 seror
600 1143 638 1199 ut
651 1125 753 1199 ducat
764 1128 865 1226 Iazyx

165 1242 230 1314 Per
244 1240 367 1314 medias
385 1240 463 1313 Istri
478 1238 626 1341 plaustra
643 1239 812 1315 bubulcus
829 1269 943 1342 aquas.
1150 1281 1170 1316 ιο

116 1360 272 1462 Adspicis
290 1377 323 1434 et
341 1357 429 1433 mitti
447 1360 510 1434 snb
529 1359 660 1433 adunco
677 1358 783 1433 tonica
801 1360 908 1448 ferro,

168 1477 214 1548 Et
230 1472 335 1547 telum
354 1501 468 1547 causas
484 1472 602 1546 mortis
620 1473 741 1546 habere
758 1473 850 1548 dicas.

116 1595 232 1694 -Atque
250 1592 378 1666 utinam
394 1620 472 1693 pars
490 1592 560 1665 hacc
575 1609 704 1667 tantum
722 1609 869 1693 spectata
886 1592 1026 1684 suisset,

168 1713 245 1782 Non
261 1709 358 1782 etiam
375 1709 514 1810 proprio
531 1708 663 1804 cognita
679 1711 790 1782 Marte
807 1708 889 1781 tibi!
1055 1693 1057 1697 ,

121 1828 275 1902 Tenditis
290 1828 332 1902 ad
350 1826 494 1928 primum
510 1856 569 1927 per
587 1827 688 1900 densa
705 1826 850 1926 pericula
869 1825 998 1929 piium3
1155 1846 1176 1898 ιε

173 1943 325 2037 Contigit
343 1971 381 2016 ex
399 1943 517 2016 merito
536 1944 592 2044 qni
610 1944 673 2017 tibi
688 1971 796 2044 nuper
813 1944 933 2017 honos.

123 2059 175 2133 Sit
191 2058 269 2133 licet
283 2059 337 2133 hic
354 2057 473 2132 titulus
491 2058 598 2160 plenis
615 2059 677 2133 tibi
691 2059 857 2133 fructibus
873 2060 1013 2154 ingens,

173 2178 250 2276 lpsa
268 2195 376 2249 tamen
391 2175 496 2250 virtus
513 2176 628 2249 ordine
645 2176 747 2273 major
765 2193 843 2249 erat.

125 2295 203 2367 Non
221 2313 320 2390 negat
336 2295 401 2368 hoc
418 2297 518 2381 Ister,
538 2294 632 2393 cujus
650 2311 707 2367 tua
721 2292 852 2366 dextera
868 2293 1042 2392 qnondam

126 2468 169 2522 tic.
182 2466 325 2535 Epistolam
335 2465 403 2519 hanc
409 2464 525 2518 inscribit
538 2466 640 2519 Vestali
684 2459 1182 2538 tenuere.·-lazix.ScribeIalysidt'st,

124 2566 194 2615 prop.
207 2545 257 2598 hoc
267 2555 305 2597 est
313 2564 361 2612 pro
368 2548 482 2611 preside.
495 2545 594 2595 Hsrrts.
605 2571 638 2582 -
684 2536 796 2609 iritum
815 2553 845 2596 ut
859 2535 947 2610 ἰᾶκυξ,
961 2536 1073 2610 isinum,
1089 2547 1184 2612 Iazygas

128 2628 243 2677 Ptoesens
259 2623 387 2691 prodero,
407 2621 529 2690 quiahoc
544 2621 637 2680 melius
687 2620 747 2673 alibi
766 2633 839 2674 vocat
859 2640 914 2673 non
934 2639 990 2672 uno
1009 2622 1068 2676 loco
1089 2623 1185 2683 Noster;

130 2713 163 2774 τῷ
170 2705 299 2770 adspicis,
312 2710 339 2754 et
350 2720 410 2752 mox
420 2705 492 2752 testis
500 2700 637 2752 convenit:
687 2710 757 2750 certe
775 2698 971 2768 Rottendorph.
989 2701 1067 2752 Iazix
1081 2720 1088 2752 .·
1103 2719 1186 2768 procc-

129 2779 152 2832 si
164 2778 197 2831 de
209 2789 282 2846 parte
295 2777 379 2846 aliqua
391 2778 639 2844 administrationis,
687 2776 761 2829 denti
771 2796 847 2829 versu
857 2816 864 2842 ,
876 2797 925 2846 pro
937 2783 1015 2841 usna,
1030 2778 1105 2832 Petri
1117 2775 1188 2832 servii

132 2857 174 2910 cni
183 2856 319 2924 proiectus
329 2866 384 2909 erat
393 2855 504 2908 Vestalis
515 2894 522 2920 ,
534 2865 639 2924 ageret,
688 2854 770 2908 codex
780 2865 871 2907 musta.
889 2857 991 2909 Hnlus.

129 2954 223 3003 pruses
235 2946 321 3004 posset
334 2934 437 2987 admitti
448 2957 454 2997 ;
474 2935 519 2987 sed
531 2935 573 2987 hic
584 2934 641 3002 ejus
726 2954 762 2984 ια.
775 2935 851 2984 Duas
864 2952 959 2986 causas
973 2939 1070 2986 mortis.
1089 2935 1188 2987 Ferrum

60 3028 72 3050 ⁹
133 3012 316 3066 testimonium
327 3023 431 3067 tantum
441 3012 552 3065 invocat.
689 3010 785 3064 scilicet
798 3011 912 3080 sagittas,
926 3022 953 3063 et
963 3031 1111 3065 venenum.

168 3096 190 3144 5.
199 3092 313 3145 Accede!
318 3097 378 3146 voci
383 3104 480 3145 nostra.
489 3091 589 3144 Veniet
595 3108 641 3142 no·
727 3095 765 3143 15.
781 3091 902 3142 Tends'tis.
914 3091 969 3142 Vos
979 3089 1077 3144 milites
1088 3085 1190 3144 Romani

133 3172 192 3227 stris
201 3171 300 3236 verbis,
311 3172 404 3239 quibus
413 3171 497 3240 questi
508 3188 597 3223 sumus
608 3169 641 3222 de
691 3165 842 3236 pervenitis,
852 3177 916 3219 ettu
924 3165 1191 3236 praesertim,vestalis

132 3252 196 3308 locis
206 3248 425 3304 Ponticis—Nor
434 3252 584 3318 sititafides.
596 3248 644 3301 Fi·
692 3245 885 3313 -Adpn'mum
891 3249 981 3312 prtum.
998 3245 1044 3299 Ad
1058 3244 1191 3317 primipila-

137 3333 184 3386 des
200 3348 256 3383 non
271 3347 353 3394 vana,
371 3329 416 3382 sed
429 3348 497 3382 vera.
509 3359 543 3370 -
552 3331 644 3383 Peste.
693 3343 751 3376 rem
763 3322 925 3392 dignitatem.
937 3350 970 3363 ·-
981 3324 1034 3376 Per
1043 3329 1126 3378 densa
1136 3325 1192 3392 ped·

136 3412 198 3465 Tuo
211 3407 370 3464 testimonio.
693 3399 905 3454 cula-Permulta
914 3412 941 3455 et
947 3401 1041 3455 crebm
1049 3401 1193 3456 discrimina

170 3489 194 3542 6.
206 3485 424 3556 Affiaoregibus.
435 3483 573 3553 Aregibus
583 3481 646 3537 Cot·
695 3483 749 3535 Pro
754 3485 881 3549 pers'csla,
895 3481 995 3550 Regius
1003 3487 1120 3547 ps'acsla.

138 3569 332 3624 tiis-Iuvenis.
345 3563 371 3617 O
380 3563 499 3617 Vestalis.
731 3560 768 3613 16.
776 3562 892 3627 Conlsffit.
900 3559 977 3613 Ordo
983 3570 1036 3612 est:
1047 3560 1105 3629 Qui
1112 3560 1194 3618 honor,

174 3669 196 3718 7.
213 3649 305 3700 Glacie
321 3659 485 3698 concrescere.
503 3641 574 3695 Vide
593 3640 647 3695 haee
695 3636 808 3704 hocest,
822 3634 1194 3706 quaedignitas‚primipilaria,

139 3725 486 3799 etsequentiailiustrantem
494 3722 648 3775 Pontanum
696 3738 782 3788 nuper
794 3718 904 3788 contigit
916 3716 963 3771 tibi
979 3737 1011 3769 ex
1022 3717 1128 3772 merito.

141 3807 173 3860 ad
183 3806 300 3860 Macrob.
309 3804 352 3857 lib.
366 3802 420 3856 Vll
437 3802 544 3856 Satum.
560 3819 597 3850 ιη,
734 3819 771 3868 ¹7·
782 3800 823 3851 Sit
828 3801 913 3866 plenis
916 3797 1057 3865 fructibus.
1072 3797 1114 3851 sit
1124 3796 1195 3869 hono·

174 3888 197 3939 8·
213 3887 304 3936 Gelido
315 3886 412 3936 stanteis
421 3879 572 3935 siim'Vina
583 3897 650 3932 con·
697 3877 770 3931 rifica
784 3887 811 3930 et
824 3876 967 3930 fructuosa.

142 3960 241 4030 gelata,
254 3960 319 4014 etin
331 3981 413 4014 unam
425 3977 537 4014 massam
546 3957 650 4011 redacta
734 3958 771 4009 ιδ.
784 3956 873 4023 Major
879 3961 933 4009 erit.
945 3954 1057 4009 Mallem
1068 3974 1128 4009 cum
1139 3951 1195 4004 duo-

143 4035 227 4089 nimio
239 4036 307 4104 gelu.
698 4035 747 4088 bus
758 4033 889 4088 codicibus
900 4044 928 4086 et
939 4054 978 4103 pr.
989 4033 1053 4088 edit.
1065 4042 1127 4086 erat.
1137 4030 1169 4083 H.

177 4117 388 4186 9.Fero:clazyae.
396 4117 483 4170 Fuere
491 4117 652 4186 lazygespo-
737 4135 774 4187 ¹9⁶
785 4117 843 4170 Non
851 4117 983 4182 regaldos
992 4117 1067 4169 Ister.
1076 4111 1157 4166 Testis
1165 4114 1194 4160 est

145 4191 199 4261 puli
211 4189 342 4263 seythia,
358 4191 403 4260 qui
415 4211 521 4264 campos
535 4200 562 4245 et
576 4189 653 4260 plana
701 4193 770 4246 Ister
782 4192 963 4259 visurusne,
977 4192 1023 4262 qui
1033 4202 1060 4245 te
1070 4191 1159 4258 ineius
1168 4184 1195 4237 ri·
