2624 4816
261 395 540 466 TRISTIUM
571 395 671 460 LIB.
707 393 737 458 I.
771 389 919 457 ELEG.
948 380 979 455 Ῑ.
1083 392 1086 398 ’
1156 383 1161 398 ”

80 545 128 616 Ut
145 567 283 642 perages
301 537 472 626 mandata,
491 534 591 621 liber,
609 530 787 634 culpabere
801 531 930 619 forsan,

128 654 323 757 Ingeniique
338 654 447 728 minor
462 650 557 748 lande
574 650 676 724 [erere
692 650 768 722 mei.

77 774 205 848 ludicis
221 771 368 846 officium
387 787 452 859 est,
470 786 592 858 utres,
609 767 656 841 ita
672 784 823 867 tempora
839 791 949 839 rerum

127 891 306 987 Quaerere:
327 887 467 988 quaesito
488 902 637 985 tempore
655 899 747 957 tutus
763 881 838 956 eris.

80 1005 233 1079 Carmina
250 1001 452 1105 proveniunt
467 1000 578 1074 animo
596 997 737 1072 deducta
754 1024 895 1071 sereno:

126 1119 252 1198 Nubila
267 1138 348 1195 sunt
363 1118 484 1194 subitis
501 1135 650 1217 tempora
666 1131 781 1187 nostra
798 1111 902 1185 malis.

80 1237 234 1312 Carmina
250 1264 413 1311 secessum
432 1233 607 1310 scribentis
624 1248 657 1304 et
672 1229 738 1303 otia
755 1244 928 1329 quarunt:

127 1353 185 1424 Me
203 1379 310 1440 mare,
328 1379 379 1424 me
395 1349 501 1437 renti,
518 1374 570 1421 me
583 1346 652 1421 sera
664 1344 766 1444 jactat
780 1343 903 1444 hyems.

81 1466 292 1542 Carminibus
307 1484 417 1541 metus
431 1465 539 1539 omnis
555 1464 650 1538 abest
664 1490 672 1536 :
685 1491 749 1558 ego
766 1459 918 1562 perditus
934 1485 1049 1534 ensem

128 1587 305 1660 Haesnrnm
318 1580 437 1683 jugulo
453 1582 518 1679 jam
534 1597 617 1680 puto
632 1579 765 1680 jamque
781 1605 868 1681 mcor

82 1700 160 1802 Huc
177 1726 328 1800 quoque,
346 1695 439 1797 quod
454 1692 558 1782 facio,
574 1691 675 1791 judex
691 1689 1016 1791 mirabituraequus,
1116 1709 1150 1779 45
1193 1694 1196 1699 ’

130 1815 327 1916 Scriptaque
343 1841 417 1887 cnm
436 1809 530 1886 venia
545 1808 796 1910 qualiacumque
812 1804 912 1903 leget.

83 1933 132 2006 Da
148 1932 233 2006 mibi
248 1929 459 2017 Maeoniden,
479 1944 516 2003 et.
529 1942 582 2000 tot
599 1922 812 2030 circumspice
827 1950 921 2002 casus
930 1951 948 2012 ·,·

113 2130 153 2184 35.
168 2128 346 2184 Scribendum
360 2131 507 2198 Utperages
518 2147 592 2182 mau-

85 2209 151 2271 data,
161 2212 239 2262 liber:
252 2207 317 2259 dum
325 2227 439 2279 perages.
449 2207 473 2256 V
476 2205 555 2276 ulgati
564 2215 592 2259 et

84 2289 168 2358 scripti
175 2306 303 2357 peragar,
316 2287 361 2342 sed
374 2298 494 2342 nontam
507 2305 592 2358 pene-

84 2377 149 2422 trato
160 2388 248 2423 sensu.

113 2450 153 2515 37.
171 2450 264 2500 Utres.
277 2447 346 2500 Rern
359 2445 402 2499 hic
415 2445 526 2515 appellat
541 2464 592 2498 ne-

83 2524 182 2593 gotium
191 2523 221 2576 in
230 2523 305 2591 cnjus
314 2523 456 2594 quaestione
466 2523 592 2591 quaeritur

83 2599 166 2668 locus,
180 2611 300 2671 tempus,
310 2600 405 2654 modus
413 2601 540 2667 ,doccasin
550 2602 593 2654 Ita

82 2691 198 2749 tempora.
208 2683 326 2751 Tempus
340 2681 382 2736 bic
394 2693 446 2748 est,
459 2691 592 2751 opportu-

82 2760 155 2815 nitas.
167 2761 246 2814 Μελ.
254 2762 395 2813 -Jadicis
404 2760 523 2830 officiam.
535 2760 592 2813 Di-

83 2838 190 2905 gressio,
200 2856 252 2906 qua
259 2857 305 2890 sua
312 2838 442 2904 earmina,
454 2856 512 2906 quae
520 2837 592 2891 nulla

84 2918 161 2971 animi
182 2917 370 2987 tranquillitate
389 2917 514 2986 nulloque
533 2918 593 2971 satis

84 2998 223 3052 commodo
236 2997 293 3051 loco
303 2998 398 3067 scripta
410 3016 465 3050 esse
478 2997 529 3063 ait,
541 3015 592 3049 cx-

85 3087 159 3132 ousat
172 3075 254 3130 Cror.

48 3152 49 3161 ¹
115 3155 155 3228 39.
168 3157 295 3209 Deducta.
316 3156 465 3209 Translatio
481 3174 496 3208 a
515 3155 591 3223 lana,

87 3253 141 3303 quse
150 3236 179 3290 iu
192 3237 350 3290 tenuitatem
364 3236 510 3291 deducitur.

114 3316 153 3380 40.
172 3318 271 3370 Nubila
292 3323 353 3368 suat
369 3319 463 3368 subiret
482 3322 594 3383 tempora

86 3401 167 3445 nostra
178 3396 263 3447 malet.
276 3393 362 3446 Immo
369 3403 471 3462 pectora
484 3410 493 3456 ;
516 3393 595 3461 quic-

87 3469 145 3536 quid
158 3470 219 3523 libri
231 3480 333 3524 veteres
349 3469 506 3523 dissentiunt
519 3489 525 3522 :
539 3490 595 3524 rru-

86 3549 136 3601 bara
142 3547 394 3602 auimorcmovilinl.
403 3547 476 3618 Eleg.
485 3565 535 3614 111,
547 3549 594 3602 13:

86 3625 216 3682 familiaris
224 3638 265 3682 est
270 3628 372 3696 supinis
381 3627 490 3681 librariis
501 3627 543 3682 hic
553 3647 593 3681 er·

87 3722 128 3756 ror
138 3724 145 3758 ι
154 3706 191 3760 sic
202 3705 275 3759 infra
284 3705 356 3774 Eleg.
371 3721 424 3758 vnn
432 3744 439 3772 ,
448 3724 523 3777 'vers
535 3705 593 3776 39,

86 3781 133 3837 lroc
140 3784 214 3853 libro,
218 3794 323 3853 pectora
329 3803 424 3847 serena,
434 3784 481 3837 ubi
485 3795 595 3852 tempora

86 3857 207 3916 hactenus
224 3861 363 3932 legebatur.
374 3881 381 3916 z
394 3867 509 3915 amarum
519 3881 595 3916 sere·-

85 3940 595 4009 numdixerotsuperiori-versu.ll1rrtts.

87 4023 244 4090 -J'ernpora
259 4031 368 4086 nostra‚·
385 4021 455 4090 quod
472 4021 595 4092 praetuli-

88 4119 156 4170 mus,
167 4104 268 4159 tristia:
277 4103 315 4157 sic
322 4101 418 4157 Cicero
425 4104 541 4157 multum
548 4121 596 4156 εω-

89 4180 169 4248 peisto
178 4181 306 4238 vocabulo
314 4181 399 4239 utitur
408 4201 415 4240 t
425 4181 488 4239 dicit
499 4181 595 4250 eliam-2

645 2128 735 2182 Valere
741 2127 910 2194 temporr'bur,·
923 2143 1111 2194 quum-nempe
1121 2141 1157 2176 et

640 2200 745 2258 alterius
760 2203 931 2258 incommodtt
946 2223 992 2271 sua
1010 2203 1066 2272 quis
1082 2204 1150 2275 rapit

640 2281 787 2336 commoda.
795 2284 1152 2349 Iptprbr'doenimme'ausper·
1195 2323 1197 2328 .

639 2367 724 2429 spicue
732 2364 851 2430 adparet,
864 2365 927 2431 qaid
936 2381 1016 2415 rerum
1026 2372 1124 2430 agatur.

672 2445 712 2509 4²·
732 2444 776 2494 Me
791 2443 852 2510 sera
864 2443 957 2510 jactat
968 2445 1066 2514 hyems.
1085 2443 1157 2498 Erat*

640 2521 759 2578 enimin
779 2520 900 2593 Scythica
921 2520 1028 2589 regione
1052 2533 1149 2591 poeta,

640 2619 699 2669 quae
709 2600 810 2670 magnis
821 2600 962 2672 frigoribus
974 2611 1094 2665 vexatum
1109 2603 1151 2656 vel

640 2689 670 2732 ut
679 2677 828 2745 Ci‘otvute,
843 2681 1018 2750 perlryemem,
1032 2699 1151 2751 asperam

640 2769 824 2828 tempestatem
837 2759 973 2830 intelligit3
991 2762 1052 2831 qui'a
1067 2763 1151 2818 credit

640 2838 712 2893 bunc
724 2839 820 2892 librum
833 2841 860 2894 in
875 2841 970 2894 itinere
982 2842 1117 2912 scriptum.

673 2920 714 2985 43.
723 2921 819 2986 Abet'u
830 2920 917 2974 abesse
929 2919 1021 2986 debct;
1035 2941 1151 2992 namque

641 2999 691 3053 alio
707 2999 828 3052 distracta
840 3019 903 3053 cura
916 2999 1026 3053 minime
1039 2999 1081 3053 illa
1095 3020 1151 3054 ne-

642 3077 700 3146 quit
721 3076 869 3145 expendere
891 3095 949 3145 quae
969 3075 1002 3128 ad
1021 3075 1151 3146 legitimos

640 3175 730 3210 versus
741 3156 921 3224 requiruntur.

674 3233 1150 3303 44.Eusem5velabinimici'sersulem

641 3313 875 3384 persequentibus,
891 3310 959 3365 reba
973 3311 1090 3385 Scythis,
1107 3314 1153 3383 qui

641 3393 754 3446 mxime
767 3391 870 3444 barbari
882 3401 984 3444 metum
991 3391 1125 3460 miteiune.

675 3473 716 3536 45.
732 3472 796 3523 Hac
813 3486 909 3537 qaoque
926 3467 1074 3536 quemfacta.
1095 3468 1154 3520 Iloc

641 3570 737 3621 qaoque
742 3549 887 3618 quodfacto
894 3548 1055 3601 venustiores.
1064 3547 1152 3618 Lege,

645 3629 965 3698 Hoecpuoque,qnodsacr'o.
974 3627 1154 3680 firma-Ju-

641 3714 692 3764 der
702 3712 840 3762 mirabitur.
861 3707 967 3776 AEquus
979 3724 1070 3758 rerum
1084 3706 1154 3759 aesti-

641 3798 728 3840 mator
739 3786 861 3839 meliores
869 3801 958 3838 versus
969 3802 983 3835 a
994 3801 1037 3838 me
1048 3802 1103 3837 non
1115 3801 1156 3836 re·

642 3867 743 3937 quiret;
751 3865 835 3918 immo
841 3862 988 3928 mirabitur,
996 3861 1041 3914 toli
1051 3874 1157 3931 tempo-

641 3963 686 4013 re,
696 3954 750 3997 tam
759 3943 841 3996 bonos
852 3961 866 3994 a
875 3959 918 3992 me
927 3940 1044 4012 scriptos
1051 3943 1139 3995 Portr.

676 4025 716 4091 47.
736 4024 784 4074 Da
801 4023 867 4072 miti
880 4021 1033 4074 Maeoniden..
1044 4021 1096 4073 Fan
1110 4036 1154 4069 me

645 4102 767 4154 Homero
779 4115 878 4167 parem.
890 4097 1157 4152 Beneuen-Error

644 4183 807 4244 crrcunrspr‘ce
824 4195 909 4233 casus.
922 4177 968 4261 Nil
981 4186 1090 4232 mutant
1099 4172 1161 4230 libr-i

567 4492 572 4503 ¹
637 4447 643 4484 l
