2624 4816
111 393 177 479 348
382 396 420 461 P.
447 396 624 465 OVIDII
651 395 874 466 NASONIS

113 537 198 632 Quae
217 561 284 607 non
301 533 494 607 horruerint
512 534 640 609 tacitam
660 563 794 635 quoque
811 535 952 611 Caesaris
966 535 1075 612 iram?
1135 561 1159 612 55

162 649 285 723 Addita
303 650 504 749 suntpoenis
518 677 632 751 aspera
650 651 749 726 verba
767 651 858 725 meis.

113 766 169 838 Fit
185 765 261 859 luga
278 764 483 865 temporibus
500 764 624 840 levior:
639 768 804 868 projectus
820 766 855 840 in
870 794 988 870 aequor

164 882 341 952 Arcturum
359 879 448 953 subii
466 879 702 982 Pleiadumque
717 880 832 954 minas.

115 994 207 1094 Saepe
225 994 333 1069 solent
349 995 495 1096 hyemem
514 995 676 1096 placidam
695 996 814 1070 sentire
832 997 970 1072 carinae:

163 1114 239 1184 Non
256 1113 375 1186 Ithaca
394 1113 499 1213 puppi
516 1114 630 1186 saevior
646 1113 732 1186 unda
750 1113 824 1187 luit.
1135 1138 1160 1190 to

116 1226 219 1298 Recta
236 1226 317 1299 fides
335 1228 489 1298 comitum
509 1243 636 1326 poterat
653 1225 737 1299 mala
754 1243 867 1300 nostra
885 1225 1018 1302 levare:

166 1343 278 1417 Ditata
294 1361 344 1416 cst
359 1343 475 1444 spoliis
491 1342 616 1444 perlida
634 1345 731 1417 turba
750 1343 840 1417 meis.

116 1456 234 1531 Mitius
251 1459 401 1534 exsilium
417 1460 542 1532 faciunt
559 1458 630 1538 loca
647 1488 656 1532 ε
676 1460 802 1533 tristior
819 1460 882 1533 ista

165 1579 266 1650 Terra
282 1578 346 1651 sub
364 1578 528 1651 ambobus
546 1606 615 1649 non
631 1577 715 1674 jacet
726 1575 793 1651 nlla
810 1575 907 1676 polis.

40 1767 42 1770 ,
118 1698 181 1767 Est
197 1694 321 1794 aliquid
338 1694 454 1795 patriis
469 1694 611 1766 vicinum
626 1692 749 1766 linibus
764 1720 855 1767 esse:

167 1808 293 1883 Ultima
307 1838 357 1882 me
375 1808 488 1895 tellus,
503 1807 639 1882 ultimus
655 1808 746 1880 orbis
767 1808 878 1881 hahet.

120 1924 257 1997 Praestat
273 1942 305 1997 ct
319 1924 488 1998 exsulibus
504 1952 615 2025 pacem
633 1940 687 1996 tua
704 1922 830 2009 laurea,
851 1923 981 1996 Cacsar:

168 2040 306 2114 Pontica
321 2040 462 2113 finitimo
482 2058 564 2111 terra
582 2039 644 2112 suh
661 2039 758 2111 hoste
772 2037 867 2136 jacet.

120 2154 267 2253 Tempus
283 2153 318 2224 in
335 2181 491 2249 agrorum
509 2151 599 2226 cultu
617 2178 807 2225 consumere
825 2147 921 2223 dulce
939 2164 1013 2222 est:

156 2345 196 2396 55.
216 2344 294 2407 Quem
306 2362 356 2394 ron
364 2345 557 2395 obruerettacr'ti
565 2363 627 2410 quo·
675 2353 769 2413 quarto
780 2338 941 2410 septembris.
950 2340 1162 2406 Pleiadumque

122 2440 170 2489 que
193 2423 300 2474 casana
325 2427 372 2474 ira.
397 2422 512 2474 obruent
532 2421 626 2485 multi‚·
675 2410 1168 2487 naenirrasautempuramahooqnot

127 2501 241 2565 Quaron
249 2504 356 2554 obruerit
364 2498 485 2562 Comhii;
498 2503 628 2567 Quodnor
676 2510 716 2554 est
733 2503 821 2563 πλέειν,
846 2497 872 2550 id
890 2507 948 2560 est,
973 2496 1115 2566 navigare:
1132 2490 1169 2545 H·

124 2581 232 2629 obruerit
242 2582 305 2628 iram
315 2576 431 2630 Vossian.
440 2577 630 2630 aliushorrrrrrr't
676 2596 790 2632 numero
801 2587 900 2645 septem
913 2574 1048 2628 dicuntur.
1065 2573 1169 2640 {serpitur

125 2652 629 2721 r'rarrr;veterrimusSarravianus:«Quae
677 2667 764 2710 autem
775 2653 855 2707 nostri
869 2652 973 2718 dixere,
989 2649 1061 2719 quod
1071 2660 1126 2719 post
1134 2663 1168 2698 ver

125 2749 182 2783 non
195 2731 325 2785 horruerit
338 2731 441 2786 tacitam
453 2750 557 2800 quoque
574 2730 630 2784 Cae·
678 2732 839 2789 exoriuntur.
850 2731 1085 2786 Oriunturautcm
1095 2735 1171 2798 quarto

127 2810 189 2863 saris
200 2811 273 2863 iram.
287 2833 299 2857 o
309 2812 404 2876 Recte,
413 2811 434 2864 si
442 2813 580 2863 horruerint
589 2829 631 2862 re·
679 2832 763 2865 nonas
775 2810 872 2879 apriles.

127 2906 223 2957 ponas:
236 2889 284 2942 nisi
298 2890 387 2956 malis,
399 2892 462 2956 Quis
475 2909 525 2942 non
535 2892 630 2941 horrue-
714 2895 753 2962 59.
770 2890 902 2942 Placidum
920 2889 1040 2957 hyemem.
1054 2881 1171 2939 Placitum

127 2971 176 3032 rr't,·
188 2986 252 3020 nam
264 2973 358 3031 obruit,
372 2988 455 3038 quum
474 2967 633 3038 precesserit
681 2979 872 3037 tempestatem.

128 3063 206 3097 versu
215 3047 358 3116 superiori,
377 3048 419 3102 hic
433 3047 497 3100 terri
512 3066 567 3100 non
582 3063 632 3115 po-
712 3043 1044 3112 62.spotrrsme1·serc.t)e
1053 3039 1175 3097 comiato

129 3133 186 3176 test.
195 3124 231 3177 H.
680 3125 795 3190 itineris,
807 3125 859 3176 sive
873 3120 1060 3191 profectionis,
1073 3117 1174 3187 inretiat

163 3206 202 3271 57.
220 3204 333 3271 terfuga
342 3209 491 3274 tempon'bus
499 3209 579 3258 terror·
589 3204 634 3257 le·
681 3203 752 3255 hunc
762 3201 847 3254 locum
858 3239 866 3266 ,
877 3218 992 3268 quorum
1000 3197 1113 3269 perfidia
1121 3236 1129 3264 ,
1138 3196 1175 3248 ht·

130 3279 186 3331 rins
201 3280 267 3334 solet
277 3300 331 3335 esse
343 3284 514 3352 supplicium,
529 3281 634 3351 quando
682 3282 737 3346 nis,
752 3290 798 3332 aut
809 3281 887 3333 rebus
899 3278 1057 3348 quibusdam
1069 3276 1176 3344 suitam·

131 3355 228 3410 exsules
244 3357 342 3409 abeunt
364 3369 497 3426 expectato
517 3369 633 3427 tempore
682 3361 758 3414 liaeus
770 3358 850 3412 luerit
865 3368 941 3427 poeta
953 3376 960 3411 t
973 3376 1039 3412 nam
1055 3353 1116 3408 alibi
1129 3349 1176 3406 rati

130 3435 290 3506 navigationi
302 3446 369 3503 apto.
383 3437 518 3491 Aliisvero
532 3437 635 3491 incom-
683 3439 750 3494 clare
762 3437 906 3508 significat,
918 3437 983 3490 nihil
995 3434 1044 3488 sibi
1054 3453 1070 3486 a
1086 3432 1175 3487 Cum

132 3514 217 3569 modis
223 3514 433 3568 meishocetiam
442 3516 555 3583 accessit,
565 3515 635 3585 quod
683 3527 779 3586 praeter
791 3516 914 3586 patriam,
936 3515 1094 3582 ademptum
1106 3510 1178 3564 tum

130 3595 301 3666 fugatussum
312 3594 378 3648 tristi
388 3594 481 3648 sidere.
685 3596 789 3649 Mrem

166 3678 205 3730 58.
218 3676 351 3729 Arcturum
359 3677 432 3728 subii.
439 3675 571 3743 Tempore
584 3694 636 3742 quo
717 3670 758 3736 lit.
774 3671 824 3722 Sub
835 3669 954 3720 ambobus
966 3670 1047 3734 polis.
1064 3663 1121 3718 suh
1130 3657 1180 3733 pub

134 3754 262 3809 Arcturus
275 3774 382 3826 magnus
403 3754 499 3807 imbres
516 3754 636 3823 parabat,
685 3749 780 3802 arctico
794 3757 820 3799 et
834 3743 989 3798 antarctico:

132 3835 198 3904 coepi
207 3835 335 3906 navigare.
346 3837 469 3889 Arcturus
477 3843 565 3887 autem
576 3832 638 3886 stel-
718 3826 758 3880 65.
774 3826 870 3878 Ultr'rna
878 3826 962 3876 tellus.
974 3821 1067 3875 Tellus
1075 3817 1180 3874 Ponto·

133 3911 158 3964 la
171 3922 226 3978 est,
239 3913 266 3967 in
278 3914 359 3968 cauda
371 3913 477 3982 maioris
485 3913 562 3966 Ursae
572 3912 639 3966 loca·
686 3905 767 3958 ΜΗ·

136 3998 170 4040 ta.
176 3987 427 4059 Exoriturundecim
433 3989 523 4044 diebus
529 4000 589 4043 ante
597 4008 639 4041 au·
718 3985 759 4038 68.
775 3986 852 4036 Jacer
861 3982 907 4033 sub
922 3981 1119 4048 hostefirritimo.
1132 3972 1183 4026 Ma·

121 4065 222 4118 tumni
234 4068 435 4136 equinoctium,
448 4077 539 4122 octavo
550 4066 639 4120 ealen-
686 4075 734 4118 net
746 4065 794 4117 suh
812 4062 886 4116 hoste
903 4061 996 4113 vicino.
1007 4058 1092 4128 Quasi
1103 4059 1183 4110 innuat

134 4142 180 4203 das
199 4146 329 4215 octobris,
342 4147 370 4202 id
385 4159 442 4215 est,
462 4147 504 4204 die
515 4144 639 4218 vigesimo
687 4143 788 4214 ubique,
796 4154 925 4198 terrarum
938 4159 993 4198 esse
1004 4156 1097 4209 pacem
1110 4155 1124 4190 a
1135 4132 1181 4188 er·
