2624 4816
7 452 12 462 .
116 395 159 462 38
404 392 444 457 P.
472 391 654 460 OVIDII
676 391 902 462 NASONIS

161 533 311 634 Imposui
327 532 471 632 rapidis,
490 532 611 607 viscera
629 551 762 621 nostra,
780 535 871 630 rogis
884 514 900 623 ;ι
1080 522 1086 535 ’
1155 574 1187 612 20

114 648 178 722 Vel
196 649 286 750 quod
300 677 388 722 eram
406 652 541 739 Musas,
559 668 598 723 ut
613 650 749 724 crimina
765 669 897 739 nostra,
914 679 1075 752 perosus,

163 766 226 840 Vel
245 766 336 869 quod
353 767 462 841 adbuc
479 796 627 841 crescens
644 786 677 841 ct
689 767 772 840 rude
789 783 919 843 carmen
935 788 1014 844 erat.

114 889 200 984 Qua
215 885 372 985 quoniam
385 913 454 957 non
472 902 551 959 suut
564 884 699 985 penitus
715 882 861 974 sublata,
881 887 939 961 sed
954 906 1104 978 exstant,

165 1001 323 1075 Pluribus
339 999 497 1101 exemplis
512 1001 634 1101 scripta
650 1000 750 1074 fuisse
766 1029 842 1076 reor
858 1033 866 1091 ;

113 1117 212 1188 Nunc
227 1142 346 1215 precor
360 1132 398 1189 ut
413 1115 542 1203 vivant,
562 1133 595 1188 et
610 1144 681 1188 non
696 1116 814 1212 ignava
829 1115 995 1212 legentum
1155 1140 1188 1193 25

165 1233 244 1308 Otia
264 1232 439 1322 delectent,
458 1235 720 1333 admoneantque
738 1235 811 1308 mei.

113 1352 183 1424 Nec
199 1368 308 1423 tamen
329 1350 384 1424 illa
399 1350 465 1442 legi
481 1368 641 1450 poterunt
655 1351 818 1452 patienter
834 1351 876 1424 ab
892 1337 984 1440 ullo,
1037 1332 1041 1341 ¹

164 1465 296 1539 Nesciat
312 1465 365 1538 his
381 1491 542 1538 summam
559 1464 587 1536 si
606 1463 681 1564 quis
695 1464 811 1537 abesse
824 1465 989 1540 manum(

114 1579 274 1654 Ablatum
291 1581 408 1655 mediis
425 1607 512 1678 opus
529 1597 578 1652 est
594 1579 774 1653 incudibus
790 1578 893 1669 illud,

165 1699 282 1771 Defuit
299 1715 332 1770 et
348 1697 481 1797 scriptis
497 1694 613 1770 ultima
629 1694 706 1771 lima
720 1698 812 1772 meis.
1156 1722 1191 1775 30

115 1816 161 1887 Et
176 1815 304 1885 veniam
321 1841 384 1912 pro
402 1811 498 1885 laude
514 1829 593 1912 peto
608 1841 616 1883 τ
633 1811 787 1887 laudatus
804 1814 959 1903 abunde,
1019 1800 1023 1805 ⁹

164 1933 243 2002 Non
260 1929 428 2002 fastiditus
442 1929 471 2002 si
486 1929 567 2017 tibi,
586 1927 706 2016 lector,
725 1958 792 2002 ero.

116 2050 191 2121 Hos
210 2075 342 2147 quoque
359 2074 416 2118 sex
431 2075 565 2133 versus,
583 2047 618 2118 in
635 2046 735 2146 primi
751 2045 860 2118 fronte
876 2042 981 2118 libelli

163 2160 200 2232 Si
219 2160 466 2262 praeponendos
481 2188 550 2233 esse
567 2160 717 2260 putabis,
735 2159 843 2232 habe:

117 2277 212 2351 Orba
227 2295 363 2377 parente
379 2306 440 2350 suo
459 2277 658 2377 quicumque
677 2275 845 2349 volumina
858 2274 987 2371 tangis,
1035 2365 1041 2377 .

166 2395 229 2467 His
248 2392 363 2468 saltem
381 2409 488 2466 vestra
504 2392 600 2466 detur
614 2393 648 2464 in
666 2392 749 2465 urbe
764 2389 878 2476 locus;

118 2512 266 2611 Quoque
284 2509 388 2608 magis
405 2510 531 2595 faveas,
548 2537 618 2581 non
635 2524 714 2580 sunt
730 2505 800 2579 baec
817 2505 902 2579 edita
918 2507 960 2578 ab
977 2506 1070 2606 ipso,
1140 2542 1143 2557 v

168 2629 235 2702 Sed
251 2630 345 2731 quasi
362 2628 403 2701 de
419 2626 548 2706 domini
562 2624 676 2698 funere
693 2639 788 2721 rapta
803 2622 874 2708 sui:

119 2740 291 2841 Quicquid
306 2743 342 2814 in
358 2743 411 2819 bis
428 2743 531 2837 igitur
547 2739 617 2811 vitii
632 2737 715 2811 rude
733 2765 862 2810 carmen
881 2735 1039 2822 habebit,

166 2856 428 2944 Emendaturus,
446 2856 475 2930 si
493 2855 660 2944 licuisset,
679 2881 776 2927 eram.
1157 2869 1206 2937 40·

116 3026 211 3081 melior
223 3046 349 3096 germana
365 3039 506 3097 parentes»
525 3029 625 3083 Httncs.
675 3024 790 3080 sicalibi:
801 3046 814 3069 «
823 3024 875 3076 Sex
883 3043 931 3092 ego
939 3023 1192 3094 Fastorumscripsi,

151 3127 191 3159 20.
207 3109 312 3158 Viscera
317 3115 411 3157 nostra.
419 3107 528 3158 Nostros
534 3106 626 3156 libros:
676 3104 839 3171 totidemque
851 3104 948 3156 libellos
956 3124 963 3166 ;
970 3126 983 3150 u
991 3113 1018 3156 et
1027 3142 1034 3169 ,
1043 3125 1057 3150 «
1067 3104 1126 3171 Qui
1135 3124 1194 3157 mo·

117 3182 627 3255 quasimeospartus.·-llo5is.Flammae
676 3186 712 3238 do
730 3185 841 3238 Nasonis
860 3183 994 3238 fueramus
1014 3185 1133 3256 quinque
1152 3187 1194 3239 lr-

117 3261 208 3316 omnia
219 3259 339 3329 rapienti.
675 3264 735 3318 belli
746 3303 753 3330 ,
764 3264 831 3317 Tres
839 3283 928 3317 sumus
937 3303 943 3315 .
952 3305 958 3318 .
967 3304 973 3316 .
983 3285 997 3310 »
1009 3264 1042 3317 de
1053 3263 1195 3321 Amorum

151 3337 627 3409 27.Norlamen.ll'ecvcteres,etll'e
675 3341 764 3403 libris;
777 3351 855 3408 atque
864 3341 899 3393 ita
907 3342 1002 3410 passim
1010 3341 1123 3395 alibi.H.

116 3423 187 3473 scier.
203 3417 304 3469 Hmts.
710 3419 750 3471 35.
766 3419 835 3471 Orba
843 3429 947 3485 penate
958 3438 1011 3471 suo.
1023 3419 1131 3474 Privata
1143 3442 1195 3491 pa-

150 3517 191 3569 ²9·
215 3495 311 3546 Mediis
334 3493 475 3543 decadibus.
500 3491 628 3544 Nondum
677 3505 734 3561 tre,
748 3505 775 3548 et
786 3506 891 3549 auctore
904 3496 1007 3565 operis,
1020 3498 1107 3566 quiin
1120 3502 1193 3554 exsi-

118 3577 236 3631 absoluto
247 3591 335 3643 opere.
345 3570 514 3624 Malu-Sic
525 3582 552 3624 et
563 3591 629 3642 opus
677 3574 743 3627 lium
755 3575 854 3640 ejectus
865 3585 911 3628 est

118 3653 224 3722 aliquod
234 3655 339 3705 elimare
350 3647 470 3701 dicimur.
710 3651 751 3720 37.
764 3652 845 3702 Edita
855 3652 888 3702 al
902 3655 955 3703 illo.
970 3654 1031 3721 Ipso
1047 3654 1194 3711 meliores:

151 3733 192 3785 33.
208 3734 239 3784 In
244 3734 330 3798 prim
334 3725 422 3793 fronte
432 3727 522 3778 libelli.
537 3724 629 3781 Scribe
678 3745 727 3798 pro
733 3725 826 3794 sareas
843 3726 923 3780 etiam
931 3729 1026 3797 [oveas
1042 3744 1195 3801 agnoscunt

112 3801 467 3878 pn'rrrr'lr'belliluepteenim
476 3802 630 3856 Metamor·
680 3812 800 3874 quatuor.

118 3888 213 3957 pheses
223 3889 325 3940 libellus
336 3892 473 3947 vocentur,
486 3900 549 3950 quas
559 3881 628 3950 ipse,
713 3881 1094 3946 consolamentum:
1101 3887 1194 3958 scripti

117 3966 161 4020 lib.
171 3965 214 4032 ll,
225 3965 310 4034 malias
319 3981 383 4032 opus
394 3962 427 4017 sit
438 3958 630 4031 appellaturum
680 3957 801 4028 potiores.
811 3957 911 4013 Hmts.

532 4115 772 4142 *-
