2624 4816
274 365 635 500 euroborou
657 412 1027 484 vruruursuu.
1064 468 1067 471 .

115 550 186 628 Cur
203 580 289 652 opus
307 552 469 638 adfectas,
489 551 582 652 quod
601 550 712 647 legum
727 554 864 633 tetricus
879 573 994 635 auctor

167 668 343 753 Vindicat,
361 684 399 740 ut
416 666 552 767 populo·
564 665 716 748 consulat
733 669 804 769 ipse
822 699 893 744 suo.

117 782 224 878 Regis
241 783 283 857 ab
303 781 452 882 exemplo
470 798 633 883 praecepta
650 781 795 889 salubria
812 787 934 886 pubes*
1030 809 1031 812 ’

170 897 332 986 Romula,
352 926 493 998 cumque
509 927 599 970 nuru
615 916 720 973 mater
734 899 872 977 honesta
888 921 988 1003 petat.
1108 909 1110 914 ’

120 1013 259 1090 Exsulet
277 1013 311 1085 iu
328 1013 484 1114 Scythico
504 1015 679 1088 Romanus
696 1011 796 1091 litore
809 1034 920 1106 vates,

173 1132 277 1206 Cedat
293 1130 446 1205 adulterii
464 1131 582 1211 doctor
599 1131 641 1219 ab
657 1132 741 1209 urbe
757 1133 822 1232 pia.

121 1253 200 1326 Nou
216 1249 301 1323 bene
318 1249 360 1323 ab
378 1249 495 1343 ignaro
512 1243 687 1355 discuntur
700 1266 950 1354 stuprazpoeta,
977 1284 981 1290 ·

173 1368 261 1464 Qui,
280 1368 357 1468 quia
376 1395 447 1440 uon
463 1366 577 1450 novit,
595 1365 685 1439 furta
703 1366 821 1441 do'dere
840 1368 977 1469 nequit..

123 1481 223 1578 Legis
241 1479 339 1554 luleae
357 1480 466 1553 Caesar
482 1479 554 1553 sine
565 1479 709 1553 ‘crimine
724 1480 862 1574 vindex,

175 1595 299 1698 Aptior
315 1593 356 1666 ad
375 1595 512 1667 Veneris
531 1593 648 1688 gaudia
667 1595 785 1672 doctor
799 1598 872 1671 erit.

125 1715 203 1787 Non
221 1712 317 1802 docet
335 1709 392 1781 ille
408 1710 508 1782 rudes
526 1710 698 1785 custodem
714 1710 827 1786 fallere
842 1732 978 1803 matres,

177 1829 248 1901 Aut
263 1826 371 1921 vigilis
388 1854 498 1898 curam
517 1825 666 1926 decipere
683 1844 751 1901 arte
768 1827 841 1901 viri.
930 1918 937 1924 ι

128 1945 208 2017 Non
225 1942 280 2015 hic
296 1940 486 2029 blanditiis,
505 1969 575 2014 non
590 1971 779 2042 expugnare
792 1943 920 2045 puellas

181 2063 337 2146 Munere,
356 2088 426 2132 uon
445 2059 553 2133 doctis
569 2058 744 2135 sollicitare
760 2062 889 2149 modis3

132 2180 199 2254 Sed
215 2207 329 2279 rapere
345 2206 363 2250 e
382 2176 514 2273 gremiis
527 2193 648 2274 nuptas
665 2177 833 2251 coufessus
852 2178 990 2254 adulter

181 2297 344 2395 Imperat,
364 2310 398 2365 et
413 2320 523 2364 coram
538 2292 674 2389 jungere
688 2293 834 2366 membra
852 2294 933 2368 viro.

131 2409 313 2485 Pollicibus
329 2406 434 2510 replet
446 2407 569 2482 ¹lasciva
585 2406 707 2508 palatia
717 2409 849 2496 Caesar,
929 2470 933 2475 .

181 2523 306 2624 Turpia
323 2550 404 2622 quas
422 2539 547 2616 coguut
562 2521 653 2617 regia
666 2522 760 2621 jussa'
775 2522 855 2623 pati.

131 2639 310 2742 Tarquinii
325 2639 436 2740 proles
453 2669 513 2712 cur
527 2640 597 2713 haec
612 2669 683 2714 nou
701 2641 967 2741 temporavidit,
989 2720 991 2725 ,

184 2757 352 2829 Romanas
369 2751 464 2826 licuit
481 2754 556 2853 quis
575 2763 732 2828 temerare
748 2757 881 2829 nurus?

134 2873 225 2944 Tuta
241 2868 304 2942 sub
319 2872 474 2963 Augusto
492 2868 624 2943 lascivia
640 2876 731 2942 tauta
748 2869 883 2958 fuisset,

186 2986 256 3059 Nee
273 2985 395 3085 patrias
409 3001 507 3058 natus
523 2985 760 3086 praecipitasset
778 3013 869 3085 opes.

139 3104 265 3176 Lentus
282 3098 501 3187 adulterium,
521 3117 559 3174 tu
577 3099 761 3188 Collatiae,
778 3100 922 3188 videres,

189 3222 234 3292 Et
249 3219 375 3291 veniam
392 3217 520 3307 sceleri,
538 3221 643 3292 Brute
658 3219 789 3318 quiete,
809 3218 912 3293 dares.

140 3335 241 3411 Nulla
259 3334 321 3409 sub
340 3338 404 3410 hoe
419 3335 558 3409 dubium
575 3335 673 3408 saciet
685 3336 838 3410 Lucretia
852 3343 1013 3432 reguum,
1121 3387 1125 3396 -

190 3454 367 3552 Raptaque
385 3479 527 3525 servares
546 3468 690 3551 sceptra,
708 3452 866 3552 superbe,
885 3481 995 3527 mauu.

142 3569 301 3643 Moribus
318 3569 392 3656 his,
411 3571 560 3656 demens,
578 3586 664 3642 artes
681 3570 852 3670 componis
867 3571 1016 3658 amandi,

193 3689 304 3775 Naso,
322 3716 438 3788 parum
456 3686 533 3762 secli
549 3714 649 3783 guare
665 3706 764 3790 poeta
780 3689 840 3761 tui.

145 3804 234 3900 Quis
251 3821 368 3905 stupor
384 3805 456 3893 hic,
474 3802 555 3878 nulli
572 3834 640 3880 nou
656 3807 789 3901 cognita
805 3805 932 3879 tradere
949 3805 1096 3879 chartis?

195 3924 313 3997 Peccat
331 3923 372 3996 ad
388 3923 573 4024 exemplum
588 3952 678 3997 cerea
698 3924 795 3997 turba
812 3924 915 3997 ducis.

147 4038 236 4136 Quis
251 4039 358 4113 media
376 4040 415 4112 de
433 4038 529 4141 plebe
545 4068 646 4140 puer,
664 4069 736 4141 quae
751 4040 862 4134 virgo,
880 4037 931 4110 vel
948 4067 1048 4125 uxor,

200 4154 285 4250 Qua
300 4153 410 4238 rudis,
429 4157 584 4250 Augusto
598 4182 698 4250 regna
716 4173 864 4241 teuente,
882 4153 969 4226 fuit?

269 4302 359 4369 VII.
967 4303 1008 4367 32
