2624 4816
191 401 261 466 nx
284 398 462 466 rouro
487 398 583 464 Lan.
610 399 690 465 111.
717 399 883 466 nrrsr.
910 404 953 468 v.
1046 403 1110 486 403

89 540 202 616 Mittit
217 541 259 614 ab
274 534 432 625 hirsutis,
450 539 597 613 Maxime
612 539 733 626 Cotta,
753 539 857 615 Getis.

35 659 216 753 Legimus,
237 685 256 728 ο
270 655 399 753 juvenis
416 654 516 754 patrii
533 683 601 729 non
618 656 761 750 degener
778 658 866 746 oris,

91 775 191 847 Dicta
208 771 270 844 tibi
286 769 386 870 pleno
405 770 506 843 rerba
523 769 645 845 diserta
661 771 748 845 soro.

40 895 151 990 Quae,
172 917 360 991 quanquam
375 886 490 982 lingua
504 887 588 961 mihi
604 906 684 963 sunt
699 908 961 992 properanteper
975 895 1087 971 horas

92 1009 194 1080 Lecta
209 1003 289 1077 satis
305 999 447 1090 multas,
464 1029 570 1100 pauca
586 1000 689 1079 luisse
706 1029 837 1102 queror.
1088 1051 1115 1084 ,η

42 1119 148 1195 Plura
164 1120 221 1194 sed
238 1119 306 1193 haec
324 1118 387 1191 seci
403 1116 581 1212 relegendo
597 1146 701 1218 saepe;
719 1146 941 1220 necunquam

94 1238 175 1309 Haec
191 1234 290 1320 mihi,
307 1261 406 1333 quam
423 1234 550 1333 primo,
572 1250 664 1328 grata
678 1233 770 1307 suere
786 1235 901 1330 magis.

42 1351 229 1451 Quumque
246 1346 331 1421 nihil
347 1345 446 1421 toties
462 1345 547 1421 lecta
565 1374 581 1417 e
598 1344 770 1420 dulcedine
787 1348 945 1447 perdant,

92 1463 235 1537 ,Viribus
251 1460 309 1534 illa
327 1461 417 1546 suis,
436 1488 506 1533 non
522 1460 686 1547 novitate,
705 1460 844 1562 placent.

45 1579 189 1668 Felices,
209 1580 333 1680 quibus
350 1578 420 1651 haec
438 1578 512 1678 ipso
530 1606 729 1673 cognoscere
745 1580 780 1652 in
795 1597 890 1667 actu,
1089 1605 1119 1656 15

97 1700 144 1770 Et
161 1714 227 1769 tam
243 1693 388 1769 facundo
406 1695 547 1788 contigit
562 1723 619 1773 ore
635 1694 717 1767 frui!

45 1815 152 1900 Nam,
173 1839 360 1912 quanquam
378 1838 479 1911 sapor
495 1829 545 1885 cst
561 1809 669 1887 adlata
683 1809 790 1884 dulcis
808 1813 843 1885 in
859 1813 966 1902 unda,

81 1971 107 2023 5.
116 1971 159 2021 Ab
170 1972 243 2022 Getis
250 1972 361 2020 hirsutis.
369 1967 393 2019 A
402 1966 477 2020 Getis
487 1986 561 2036 squa—
609 1969 706 2020 -Oris
710 1975 796 2033 patrii.
808 1969 974 2039 Eloquentiae
984 1975 1064 2042 patris
1073 1980 1122 2044 tui,

47 2048 121 2114 lidis,
132 2047 263 2112 barbaris,
277 2057 303 2098 et
314 2046 430 2115 impexis.
442 2048 520 2100 Mun.
529 2073 562 2085 -
611 2046 656 2114 qui
673 2045 724 2099 suit
741 2066 860 2103 summus
879 2061 975 2107 orator.
988 2053 1041 2109 Vel
1056 2056 1120 2111 facie

48 2127 103 2179 Vel
113 2124 200 2193 potius
208 2128 317 2176 hirsutos
326 2124 447 2175 nominat
457 2135 564 2193 propter
610 2135 711 2192 patrem
721 2135 798 2177 tuum
811 2125 938 2180 referens.
947 2127 1025 2182 Mun.
1036 2144 1062 2186 et
1074 2135 1104 2187 P.

49 2205 130 2275 pelles
145 2204 273 2268 hirsutas,
294 2203 387 2270 quibus
398 2221 424 2255 se
441 2201 563 2254 adversus
643 2205 667 2255 8.
685 2204 766 2254 Diria
780 2207 856 2270 pleno
866 2205 936 2272 fisso.
950 2206 1048 2262 Habita
1063 2210 1125 2265 fre.

48 2285 150 2354 frigora
161 2283 204 2335 illo
217 2283 265 2336 suh
277 2283 340 2336 caelo
352 2301 426 2351 paene
437 2293 564 2352 perpetua
610 2279 703 2349 quenti
712 2279 808 2347 turba,
825 2299 883 2348 quae
896 2293 952 2341 erat
962 2284 991 2337 in
1000 2285 1063 2343 foro
1072 2290 1121 2358 ju.

47 2360 242 2414 communiant.
254 2360 493 2412 Possm—Maxime
504 2361 564 2410 Cot·
612 2359 703 2419 diciali.

48 2449 85 2491 ta.
105 2441 239 2501 Maritum
256 2447 282 2488 et
301 2437 337 2488 sic
355 2436 431 2487 initio
440 2435 565 2504 Epistolae
647 2438 1123 2506 10.Fsusepauca.vtsamtuisseeam

49 2518 169 2569 Maximo
184 2518 271 2568 Coitae.
287 2513 341 2565 Hic
351 2512 472 2566 Messalae
490 2512 563 2566 Cor·
613 2517 762 2571 orationem
769 2518 890 2585 brevem,
900 2524 1125 2592 propterejusele·

50 2593 105 2646 viui
119 2591 186 2644 illius
195 2590 355 2643 disertissimi
366 2589 443 2656 fitius,
455 2589 566 2642 Messal-
612 2595 728 2673 gantiam
739 2634 747 2660 ,
759 2605 785 2647 et
798 2615 876 2648 suave
887 2597 990 2651 dicendi
1001 2620 1092 2669 genus.

50 2672 98 2725 lini
107 2669 307 2735 frater,Cottae
319 2684 419 2722 nomen
432 2680 566 2723 mutuatus
615 2678 618 2685 '
652 2674 782 2726 11.le
792 2670 963 2740 seihaecfi‘ci.
979 2678 1041 2730 Her
1049 2682 1127 2747 paulo

51 2763 91 2805 est
103 2751 136 2804 ab
147 2747 262 2803 Aureliis
270 2749 323 2819 avis
334 2750 476 2815 maternis,
490 2760 520 2819 ut
529 2749 567 2805 di·
607 2760 672 2818 ,post
692 2749 811 2819 sequitur
824 2771 832 2814 ς
849 2768 928 2818 quare
938 2753 1125 2825 scribendum,

14 2861 17 2864 ·
50 2831 149 2884 scimus
161 2846 192 2879 ex
204 2826 294 2896 Elegia
306 2827 411 2893 ultima,
430 2827 509 2879 Pont.
523 2825 566 2883 lib,
616 2829 664 2877 sed
675 2825 759 2892 effeci.
776 2827 813 2883 H.
830 2827 918 2881 Nostri
928 2831 982 2882 iac
985 2830 1050 2897 fisci.

52 2907 234 2976 IV,vers.43,
243 2907 271 2957 in
280 2925 359 2973 quam
369 2916 475 2975 gentem
487 2902 568 2974 adop-
650 2923 687 2955 ra,
710 2902 773 2956 Hac
794 2907 860 2958 midi
871 2925 945 2973 quam
958 2914 1041 2974 patino
1054 2925 1129 2978 grata

50 2986 125 3039 tione
134 2983 307 3047 transiverat,
322 2983 481 3055 quodsupra
495 2983 569 3037 ridi-
606 2980 781 3049 sueremiuus.
795 2985 937 3047 Νοιιωίήί,
949 2995 1123 3058 quamprimo,

51 3086 111 3120 mus
123 3065 171 3118 sub
183 3063 266 3115 finem
276 3063 372 3132 Elegiae
385 3063 506 3116 secundae
517 3063 565 3116 hu-
613 3058 867 3126 gratasneremagrt,
883 3063 990 3130 Argent.
999 3076 1025 3118 et
1034 3066 1127 3120 decem

52 3146 95 3214 jus
114 3143 184 3196 libri.
201 3141 332 3195 Maximus
342 3151 432 3197 autem
442 3141 524 3199 dictos
536 3161 568 3194 ex
616 3136 658 3191 alil
669 3172 676 3199 ι
692 3136 782 3205 Probt·
793 3140 852 3193 Non
862 3145 946 3193 mitras
957 3141 1128 3213 Scaligerico·

52 3223 162 3276 Valeria
173 3220 273 3273 familia
282 3219 425 3288 quosdam,
442 3220 569 3288 quemad·
616 3215 681 3281 dex,
694 3217 772 3270 Pottt.
781 3227 808 3271 et
822 3229 936 3286 quatuor
945 3233 1080 3290 preterea.
1090 3226 1127 3278 H.

55 3301 170 3357 modum
184 3299 327 3364 Messalas,
343 3299 568 3369 Flaccos,Popli-
652 3296 689 3349 13.
719 3297 845 3364 Quumque
868 3317 917 3355 sua
932 3305 1128 3357 totstsnr'br'leae

53 3382 123 3436 colas
132 3421 140 3448 ,
149 3380 281 3445 Volesos,
295 3377 414 3435 Catullus
422 3389 449 3433 et
462 3379 568 3436 Aciscu-
616 3375 748 3431 dulcedtite
754 3377 869 3440 perdant.
882 3375 955 3433 Nihil
966 3389 1004 3431 est
1016 3378 1047 3431 ad
1058 3380 1129 3447 quod

54 3459 105 3519 los,
117 3469 222 3511 certum
241 3467 286 3509 est.
306 3457 377 3513 Nam
395 3455 463 3513 betto
481 3454 569 3524 primo
616 3449 873 3513 reseruassemus.
885 3455 994 3525 Argent.
1007 3457 1129 3525 etquin-

54 3536 169 3601 Punico,
178 3534 337 3591 subannum
347 3534 382 3585 U.
394 3531 427 3585 C.
440 3534 568 3601 cnxc,M.
617 3549 668 3598 que
686 3529 743 3596 alii,
760 3551 880 3600 quumque
898 3536 966 3585 uitri
976 3539 1050 3587 toties
1061 3539 1129 3588 lecta

55 3613 181 3667 Valerius
192 3612 325 3668 Maximus
333 3629 395 3665 cum
405 3611 447 3665 Μ.
456 3609 571 3665 Otacilio
616 3629 630 3661 s
641 3612 892 3678 delcedruaeperduut.
904 3610 960 3667 Nisi
971 3610 1068 3678 quoda
1079 3612 1129 3665 tri-

56 3689 156 3761 Crasso
166 3690 258 3743 consul
266 3687 437 3757 perhibetur,
457 3689 503 3756 qui
515 3687 570 3743 de·-
619 3687 668 3757 hus
679 3687 753 3741 abest
765 3693 819 3743 ate.
832 3689 870 3741 Η.

56 3769 124 3823 victa
137 3767 262 3821 Messana
280 3784 430 3835 cognomen
450 3765 570 3824 Messala
653 3767 691 3831 14.
702 3768 816 3823 Placeat.
832 3767 925 3818 Valent
936 3783 1004 3818 unus
1015 3765 1129 3820 Heinsii.

55 3845 159 3914 primus
171 3844 285 3898 adscivit.
296 3845 358 3896 Huc
368 3853 395 3895 et
404 3841 476 3895 reler
487 3843 572 3899 Valo-
626 3894 629 3899 .
653 3849 690 3900 ti
706 3846 803 3909 emtus
817 3846 878 3895 hac.
895 3844 955 3897 Hoc
962 3842 1079 3913 quinque
1089 3845 1128 3898 li·-

56 3925 129 3977 rium
140 3923 290 3982 Maximum
307 3924 480 3992 scriptorem,
495 3923 569 3991 cujus
618 3919 672 3983 bri3
688 3924 735 3973 hos
747 3920 800 3977 MS
812 3920 915 3977 Bersru.
928 3921 1018 3979 Nostri
1027 3925 1090 3977 tac.

56 4001 188 4057 nonnulla
199 4002 347 4066 etiamnum
357 4011 466 4055 exstant.
482 4000 519 4053 H.
654 4020 692 4070 ¹7·
704 4002 803 4055 Ablata
810 4003 894 4056 dahas
901 4007 929 4055 ia
940 4006 1016 4057 unda.
1028 4005 1130 4072 Adicio

91 4102 114 4152 7.
130 4081 264 4148 Olusrms
273 4100 324 4133 nou
332 4084 443 4148 degener.
455 4077 481 4132 0
491 4077 572 4133 Cotta
620 4077 782 4147 Argentinus
793 4078 888 4145 aliique
903 4079 1027 4148 plurimi3
1042 4093 1128 4137 rectos

56 4158 193 4228 Maxime,
208 4158 319 4228 quinon
331 4159 474 4228 degeneras
485 4176 501 4211 a
512 4157 569 4211 tuis.
620 4157 670 4211 uisi
681 4162 769 4210 oblata
779 4156 860 4211 malis.
874 4158 910 4211 H.
