2624 4816
209 421 511 491 rnnonono
540 421 572 487 a
596 422 966 494 vuuuuursnn.
1064 427 1130 521 loo

47 565 180 664 Perque
198 564 272 665 pias
290 562 451 664 lacrymas
468 562 617 636 rorantia
634 563 794 658 sanguine
812 565 902 638 vidit'

99 681 141 752 ln
157 679 275 753 rostris
292 677 440 779 populus
457 678 605 752 consulis
622 707 680 751 ora
696 681 769 755 sui:
1095 727 1129 782 9⁰

46 787 103 868 Ne
121 793 228 880 soret,
248 794 418 894 oppressis
437 822 512 893 quae
529 793 693 867 libertatis
711 823 855 871 amorem

104 910 287 997 Redderet,
305 927 363 983 aut
382 909 496 983 odium
514 909 628 1005 lingua
644 909 778 1003 diserta
784 915 866 1012 jugi.

54 1025 173 1120 Secula
190 1025 271 1126 quid
284 1027 410 1125 jactant
422 1025 522 1099 nobis
536 1025 670 1100 felicia?
686 1027 776 1101 culto

106 1140 195 1236 Quis
209 1140 323 1213 bonor
341 1139 489 1240 eloquio,
509 1159 541 1213 te
559 1129 771 1230 dominante,
787 1142 874 1216 suit?

55 1258 213 1358 Principe
230 1277 279 1345 te,
296 1258 387 1332 vocis
404 1257 572 1331 Facundia
591 1257 737 1357 perdidit
753 1287 869 1347 usum,
1102 1292 1136 1359 9⁵

105 1374 319 1475 Linguaque,
338 1403 437 1475 quam
456 1374 589 1476 stupuit
604 1375 723 1463 Curia,
741 1393 833 1448 muta
849 1375 922 1449 fuit.

56 1493 127 1567 Nec
142 1491 292 1591 jugulare
309 1510 411 1591 caput
427 1492 518 1565 vocis'
535 1511 691 1566 contente
710 1491 845 1581 solutae,

10 1684 13 1692 ,
107 1606 233 1679 Aonias
251 1606 347 1678 Latio
362 1604 463 1705 pellis
475 1607 518 1679 ab
537 1607 619 1680 orbe
635 1610 744 1680 Deae:

58 1727 210 1826 Quaeque
226 1725 468 1824 Agannippeos
484 1742 653 1801 mutarunt
671 1724 843 1826 Thybride
857 1725 988 1815 fontes,

108 1841 269 1934 Barbare,
286 1838 456 1913 Ristonias
471 1839 563 1934 cogis
579 1838 670 1912 adire
686 1839 787 1912 nives.
1092 1881 1137 1913 too

61 1955 188 2028 Caesare
210 1971 260 2041 te,
278 1955 387 2040 Naso,
406 1956 566 2027 Romana
580 1952 690 2047 gloria
698 1981 817 2042 musa,
1002 1936 1006 1948 l

109 2073 185 2145 Jam
204 2069 302 2142 discit
317 2070 463 2170 scythice
480 2069 718 2169 sarmaticeque
734 2068 851 2170 loqui:

62 2191 216 2289 Quaeque
231 2188 327 2287 prius
346 2205 478 2282 gentem
494 2186 669 2286 rapiebant
687 2183 776 2259 culta
794 2202 940 2280 togatam

112 2303 285 2391 Carmina,
303 2322 428 2378 natnrae
445 2302 644 2377 luxuriantis
662 2328 761 2401 opes,

61 2421 230 2508 Devovet,
251 2438 302 2508 et,
320 2420 434 2520 patria
449 2419 593 2520 perdens
609 2416 805 2491 commercia
821 2417 927 2505 vocis,
1095 2445 1140 2495 ωε

111 2539 279 2613 Braccatis
295 2538 413 2612 recitat
428 2537 614 2614 semilatina
634 2536 737 2609 Getis.

60 2659 203 2730 Ferreus
220 2654 393 2751 ingenium
410 2655 539 2752 fregisti
558 2651 688 2737 nobile,
708 2681 776 2752 quo
793 2681 865 2725 non

13 2790 17 2796 “
114 2771 248 2846 Cultius
263 2771 300 2844 in
316 2770 413 2844 Latio
433 2770 616 2847 fertiliusre
632 2770 707 2844 suit.
942 2761 944 2765 ¹

62 2885 133 2962 Nee
150 2889 257 2988 pudet
270 2888 358 2960 banc
372 2889 461 2975 tristi
478 2916 610 2961 causam
626 2885 830 2986 praetendere
848 2912 973 2987 poenae,
1042 2877 1047 2881 ¹

115 3006 269 3080 Carmina
288 3006 384 3106 quud·
397 3005 520 3080 teneris
539 3003 657 3080 luserit
675 3022 750 3077 aute
764 3005 873 3077 modis
887 3008 902 3078 i'
918 3010 920 3014 ⁴
1099 3047 1144 3080 tto

66 3125 153 3211 Cur,
174 3123 237 3195 tibi
256 3121 314 3223 qui
332 3121 433 3196 toties
449 3121 553 3195 vitam
567 3149 742 3221 moresque
759 3121 930 3220 probarit,

114 3242 312 3340 Projicitur,
331 3238 425 3315 nullo
442 3239 579 3315 etimine
597 3257 697 3313 notus
714 3241 840 3338 eques?
871 3230 872 3234 ¹

67 3356 219 3456 Curque‚
238 3353 322 3461 nibil
336 3354 446 3453 juveni
465 3381 537 3454 qua
555 3354 700 3427 carmina
714 3352 787 3427 laeta
802 3355 987 3444 nocebant,
1072 3422 1075 3429 .

115 3471 280 3545 Exsilium
298 3472 420 3544 misero
438 3469 534 3544 triste
548 3468 668 3542 dedere
686 3469 782 3543 seni?

68 3589 139 3664 Cur
154 3588 224 3681 agis
239 3585 276 3658 iu
291 3603 461 3673 sanetum,
476 3584 595 3658 veteris
608 3585 673 3658 sub
691 3585 835 3681 imagine
854 3571 980 3685 culpai,
1101 3607 1147 3657 115
1215 3664 1217 3668 ¹

117 3704 275 3779 Terribili
290 3703 417 3786 fulmen
433 3731 539 3781 saevus
555 3704 598 3777 ab
616 3731 690 3776 arce
706 3721 826 3804 caput3
1108 3691 1110 3696 ³

67 3829 138 3900 Nec
155 3824 261 3898 scelus
278 3823 452 3919 objicitur,
471 3849 532 3895 nec
548 3821 601 3896 lex
618 3823 795 3907 temerata3
815 3819 873 3892 sed
889 3846 999 3909 error,

119 3943 232 4042 Atque
251 3940 369 4014 oculos
382 3939 517 4040 probris
534 3937 712 4012 inseruisse
732 3937 808 4010 tuis.

72 4057 177 4154 Quod
195 4075 269 4136 tua,
288 4055 338 4129 vel
353 4056 467 4155 stirpis
484 4053 644 4154 spectarit
660 4052 798 4125 crimina
818 4068 950 4140 restrae,

124 4173 307 4260 Plectitur3
325 4201 346 4244 o
363 4200 469 4273 poenae
486 4199 583 4246 rausa
601 4167 757 4269 pudenda
773 4168 867 4241 terae!
1105 4206 1153 4241 120
