2624 4816
115 403 180 447 auo
388 381 426 445 Ρ.
461 379 645 448 OVIDII
676 379 907 452 NASONIS

112 523 161 592 Ut
178 518 298 605 cecidi,
319 517 421 590 subiti
439 546 560 618 perago
577 519 740 618 praeconia
756 549 871 608 casus,

161 639 308 736 Sumque
323 635 505 731 argumenti
523 637 677 710 conditor
692 636 763 738 ipse
780 637 855 710 mei.

113 756 225 853 thue
240 753 349 849 jacens
365 753 455 852 ripa,
474 752 591 825 dellere
609 753 780 853 Caystrius
797 753 864 827 ales

162 868 295 942 Dicitur
312 897 368 940 ore
388 897 479 941 suam
498 867 667 942 deficiente
683 897 816 942 necem:

113 981 168 1053 Sic
184 1011 267 1076 ego,
286 982 479 1056 Sarmaticas
494 981 592 1076 longe
607 983 775 1082 projectus
791 981 938 1067 inuras,

161 1096 279 1169 Ellicio
300 1098 434 1170 tacitum
450 1123 492 1169 ne
510 1097 593 1170 mibi
607 1097 706 1170 sunus
724 1113 787 1170 eat.

113 1211 257 1285 Delicias
276 1210 304 1284 si
321 1211 412 1311 quis,
434 1210 618 1308 lascivaque
638 1211 781 1282 carmina
800 1207 936 1308 quaerit,
967 1222 970 1227 ⁴
1135 1227 1156 1279 15

163 1327 353 1400 Praemoueo
371 1355 542 1427 nunquam
559 1326 682 1426 scripta
699 1325 790 1425 quod
808 1325 870 1398 ista
886 1324 983 1419 legat.

113 1443 239 1543 Aptior
257 1444 335 1516 huic
355 1442 490 1528 Gallus,
508 1440 690 1540 blandique
708 1442 901 1541 Propertius
919 1442 1003 1529 oris,

161 1557 301 1659 Aptior,
320 1557 488 1650 ingenium
505 1583 613 1642 come,
628 1553 784 1642 Tibullus
802 1555 874 1628 erit.

146 1747 170 1799 9.
184 1728 280 1792 Perage
289 1729 424 1792 praecom'tr.
438 1724 503 1777 Sum
521 1742 621 1790 praeco,
671 1723 734 1791 quid
743 1722 790 1775 ista
801 1723 883 1792 legat,
894 1723 954 1776 orel
967 1743 1087 1792 nusquam
1097 1740 1106 1788 ,·
1115 1719 1174 1778 ureb

114 1815 142 1857 et
152 1804 371 1869 scribo-'Subita‘
378 1821 461 1853 casus.
473 1801 622 1854 Subitoere-
671 1813 700 1855 ut
708 1801 930 1872 subintelligatur,
941 1802 1179 1871 riquidredundete

108 1880 255 1951 legationis.
269 1880 346 1931 Mun.
672 1879 850 1948 Capoierreus
858 1899 900 1933 me
909 1882 1036 1934 monebat
1043 1881 1124 1935 videri
1130 1872 1183 1934 sibi

149 1981 186 2013 ro.
195 1961 299 2026 Sumque
306 1960 572 2026 argumentr'coude'lur.
581 1957 622 2025 lp·
669 1957 811 2026 legendum
826 1977 832 2009 ε
843 1979 856 2002 «
867 1959 1025 2011 Praemoneo
1043 1977 1177 2028 nunquam

113 2050 198 2094 semet
211 2038 276 2091 mibi
296 2038 433 2090 materiam
449 2037 481 2090 ad
499 2037 621 2090 scriben-
670 2037 768 2090 Tristia
788 2047 877 2089 nostra
896 2035 995 2107 legat.»
1014 2038 1075 2092 Nou
1093 2038 1174 2092 male:

114 2121 179 2173 dum
194 2117 371 2187 subpeditavi;
393 2116 434 2169 alii
452 2117 555 2169 aliunde
572 2137 622 2169 su-
670 2114 719 2167 nisi
732 2113 803 2182 quod
816 2133 904 2168 versus
916 2113 958 2167 hie
970 2113 1036 2166 mihi
1049 2132 1097 2184 pro
1108 2112 1175 2168 Ori-

114 2210 210 2263 munt;
235 2199 360 2267 qnoniam
382 2197 533 2250 calamitatis
557 2214 623 2248 meae
671 2193 750 2246 diano
762 2189 816 2246 non
830 2203 922 2259 est,ut
934 2213 983 2246 nec
996 2192 1110 2264 ille,qui
1122 2212 1177 2248 mox

115 2297 195 2346 quarn
212 2277 333 2346 deploro,
352 2276 435 2328 habeo
452 2285 548 2344 praeter
563 2277 621 2339 mie,
671 2274 796 2342 sequitur.
816 2273 852 2326 H.
865 2301 897 2311 —
911 2275 1000 2326 Versu
1015 2272 1081 2338 boc,
1101 2272 1176 2342 quod,

116 2369 249 2411 auctorem
262 2356 406 2408 neminem.
416 2354 503 2406 Port‘r.
672 2361 716 2402 aut
728 2368 867 2418 perperam
879 2349 931 2402 huc
940 2351 1072 2419 irrepsisse
1085 2349 1176 2412 credo;

149 2438 325 2503 11.Coystnies
333 2436 395 2484 ales.
406 2431 512 2503 Cycnus
518 2428 623 2502 adCay·
672 2439 716 2480 aut
724 2446 794 2480 novo
805 2438 881 2495 atque
889 2427 1014 2480 inusitato
1021 2428 1121 2495 modo,
1133 2446 1178 2498 pro

115 2528 199 2569 strum
213 2515 323 2567 fluvium
334 2512 477 2580 pervolans.
671 2515 707 2564 ut,
724 2504 837 2572 positum
850 2525 920 2571 esse,
931 2504 1073 2557 dicendum
1086 2515 1132 2560 est.
1141 2505 1179 2583 Μ.

151 2616 187 2646 ra.
203 2596 253 2646 Ore
264 2595 398 2662 deficiente.
411 2589 559 2642 Deficiente
571 2589 624 2656 spi-
709 2586 745 2636 18.
754 2583 839 2650 Atque
847 2587 905 2644 alei',
916 2602 1016 2651 quorum
1023 2587 1126 2636 nomina
1132 2602 1181 2636 nra·

114 2674 184 2737 ritu,
204 2672 244 2724 vel
261 2670 524 2737 corpore-Dicitur
538 2671 625 2734 deflere
669 2665 818 2728 gnavigeut.
831 2661 885 2713 Pro
897 2680 950 2728 quo
963 2661 1040 2728 prim.
1052 2661 1131 2715 Polit.
1142 2680 1179 2732 pr.

115 2771 187 2803 suam
194 2767 284 2801 necem.
293 2747 502 2815 Diciturplorare
508 2756 624 2798 mortem
673 2738 728 2791 Pal·
738 2758 777 2806 pr·
787 2739 871 2791 Valle·
882 2749 909 2791 el
917 2749 1032 2806 quatuor
1040 2737 1084 2790 alil
1091 2757 1122 2790 e!
1129 2757 1180 2790 me·

117 2826 278 2893 suam3quod
287 2825 450 2879 docetetiam
463 2823 623 2891 Aristoteles,
673 2815 1181 2885 fioribusoptime:«Aprior,ingenium

116 2904 148 2956 de
157 2905 256 2956 Natura
263 2903 416 2954 animalium
425 2902 491 2955 libro
497 2922 577 2955 nono.
587 2902 623 2954 At
672 2914 761 2960 come,
771 2894 889 2947 Tibullus
898 2894 954 2947 erli-
963 2916 976 2940 ¹>
986 2894 1057 2962 Qui,
1067 2895 1131 2963 quin
1140 2913 1181 2964 ge·

116 2980 182 3033 mihi
190 2998 275 3047 neque
285 2979 340 3031 aliae
350 2999 409 3032 aves
418 2999 471 3049 prae
482 2979 572 3032 dolore
584 2980 625 3032 vi·
673 2976 771 3027 nuinus
786 2975 819 3026 sit
831 2974 909 3042 ipsius
924 2973 1051 3040 Nasonis,
1069 2971 1182 3026 dubitari

118 3057 216 3110 dentur
230 3075 344 3122 canere,
366 3076 452 3126 neque
472 3052 565 3128 cycni:
578 3056 625 3108 sed
674 3074 730 3107 non
741 3065 833 3122 potest.
842 3054 965 3107 AEmilius
974 3054 1078 3108 Probus
1086 3055 1113 3107 in
1121 3054 1182 3108 Dio·

119 3134 179 3202 quia
188 3133 288 3186 Pboebo
298 3134 361 3186 sacri
370 3144 445 3199 sunt,
458 3145 488 3187 ut
498 3133 623 3197 arbitror,
674 3152 742 3186 nez«
749 3133 821 3186 Dion
837 3124 939 3195 autern,
952 3145 1048 3203 praeter
1064 3135 1181 3191 nobilem

117 3211 277 3264 divinatione
290 3210 405 3278 praediti,
419 3211 575 3280 praesagiunt
587 3210 626 3262 al-
666 3212 1182 3283 propinquitatem,generosamquema-

118 3289 199 3343 terius
211 3289 270 3341 vitae
282 3289 365 3340 bona:
375 3287 486 3357 ideoque
502 3298 624 3354 cantant,
674 3290 762 3357 jurum
770 3290 867 3342 lamam
878 3331 884 3356 ,
896 3291 978 3344 multa
988 3291 1037 3343 alia
1048 3292 1080 3344 ab
1088 3302 1182 3346 natura

117 3370 277 3438 alacriusque
297 3367 411 3436 gestiunt
425 3388 456 3421 ea
469 3366 525 3434 die,
546 3386 625 3436 quam
673 3365 1180 3435 babuitbonazinhisingeniumdocils,

118 3448 245 3519 superiori
256 3458 382 3513 ternpore.
395 3446 472 3498 ntea.
674 3465 762 3512 come,
772 3458 862 3515 aptum
868 3446 899 3499 ad
908 3457 975 3499 artes
981 3447 1100 3518 optimas.
1107 3469 1121 3494 o
1128 3447 1182 3500 Ta·

153 3531 190 3595 ¹4·
208 3530 247 3581 Νι·
254 3525 346 3594 frenus.
360 3527 400 3579 Ne
418 3525 543 3595 relegatio
557 3546 625 3578 mea.
674 3523 754 3588 citus,
769 3524 912 3576 Annalium
921 3525 960 3577 Vl
971 3545 977 3577 ι
989 3546 1002 3570 «
1016 3524 1182 3578 Artabanum

118 3603 626 3673 Eatnre'hr‘tacr'lmn.llmesilentioprae-
675 3602 783 3674 Scythas
791 3604 861 3656 inter
869 3603 1049 3669 eductum,ob
1057 3601 1181 3658 saevitiam

118 3694 242 3738 ter-eatur.
252 3683 315 3750 Vel,
327 3703 361 3736 ne
370 3682 442 3752 quasi
450 3701 554 3736 summo
564 3701 625 3737 cum
675 3680 809 3746 exsecrati,
820 3700 894 3734 come
908 3681 1032 3735 Tiridatis
1044 3680 1182 3752 ingenium

67 3751 73 3757 ⁰
118 3761 221 3816 silentio
231 3762 302 3815 diem
314 3780 405 3814 meum
417 3760 518 3812 obeam.
531 3760 608 3814 Mun.
676 3758 809 3812 Romanas
821 3779 868 3828 per
880 3769 948 3812 artes
959 3757 1182 3828 sperabantasic

155 3839 192 3889 16.
219 3842 361 3893 Proemoneo
383 3857 508 3907 nunquam
531 3845 626 3906 scripta
675 3842 825 3889 comitanus
835 3838 861 3890 in
871 3838 1183 3898 Fastis;c0m1·sam1'caet

117 3917 186 3983 qnod
193 3921 245 3967 ista
252 3921 326 3984 legal.
339 3919 401 3971 Non
413 3918 473 3972 satis
485 3916 625 3970 Latinum:
675 3916 767 3969 similia
775 3917 869 3984 passim
877 3915 946 3984 apud
956 3916 1091 3968 Nostrum.
1104 3915 1182 3969 Cice-

119 4010 167 4060 pro
175 4013 298 4061 nunquam
309 4016 346 4064 pr.
358 3997 474 4050 Vatican.
487 4015 526 4065 pr.
534 3996 588 4048 Pal.
600 4007 626 4048 et
675 4012 706 4045 ro
714 3993 741 4045 in
752 3994 878 4060 Limone,
891 3995 995 4062 Fragm.
1011 4012 1098 4062 poem.
1114 4015 1127 4039 κ
1139 3993 1181 4047 Tu

119 4067 219 4119 Ricbcl.
230 4079 323 4121 nostra.
332 4071 497 4142 Castigabam
508 4073 626 4141 aliquan·
676 4091 799 4142 quoque,
820 4074 864 4142 qui
876 4073 944 4127 solus
962 4071 1029 4124 lecto
1042 4091 1180 4137 sermone,

119 4147 170 4201 elo:
184 4170 197 4194 α
211 4148 369 4202 Praemoneo
381 4172 518 4223 nunquam
531 4153 626 4222 scripta
675 4153 699 4204 T
701 4151 810 4205 erenti...
818 4151 1036 4221 Quidquidcome
1042 4151 1159 4220 loquens
1168 4168 1182 4193 »ι
