2624 4816
122 407 187 474 338
404 411 442 477 Ρ.
467 410 644 480 OVIDII
668 412 900 482 NASONIS

120 547 324 647 ingenioque
342 574 435 634 meo,
455 576 535 622 vena
554 549 643 648 qnod
661 576 804 651 paupere
819 571 951 644 manat,

168 662 321 749 Plaudis‚
340 681 373 736 et
387 691 404 736 e
420 664 490 736 rivo
508 663 643 740 llumina
659 694 778 762 magna
793 667 882 742 lacis.

126 775 227 849 Grata
242 774 373 875 quidem
391 793 470 849 sunt
486 776 554 849 haec
571 776 682 850 animo
698 778 856 874 suffragia
870 798 1008 869 nostro,

167 892 232 966 Vix
248 893 315 965 sibi
334 921 435 992 quum
452 893 591 967 miseros
607 922 707 994 posse
721 893 848 995 placere
864 917 973 998 putes.
995 963 1000 972 .

119 1007 208 1080 Dum
226 1024 334 1081 tamen
351 1008 387 1080 in
402 1007 501 1081 rebus
520 1025 683 1083 tentamus
699 1009 840 1084 carmina
857 1015 987 1113 parvis,
1139 1036 1162 1086 ηε

169 1123 314 1198 Materiae
331 1123 444 1219 gracili
460 1125 582 1199 sufficit
599 1124 792 1221 ingenium:

121 1242 236 1342 Nuper
251 1260 290 1315 ut
307 1243 372 1315 huc
388 1242 497 1336 magni
515 1242 664 1342 pervenit
680 1242 764 1316 sama
783 1241 966 1345 triumphi,

169 1359 281 1430 Ausus
298 1386 369 1431 sum
388 1374 484 1431 tantae
501 1385 628 1430 sumere
643 1357 741 1430 molis
759 1385 854 1457 opus.

121 1472 248 1545 Obruit
262 1472 435 1545 audentem
452 1499 560 1545 rerum
579 1472 785 1571 gravitasque
800 1473 976 1574 nitorque3

167 1591 236 1661 Nec
251 1589 348 1689 potui
365 1588 464 1687 coepti
479 1586 626 1687 pondera
642 1587 725 1660 serre
742 1588 815 1661 mei.

59 1773 61 1776 .
115 1703 207 1792 Illic,
226 1733 324 1805 quam
341 1703 471 1791 laudes,
491 1703 552 1776 erit
570 1703 717 1776 officiosa
732 1704 906 1779 voluntas:

169 1820 293 1891 Caetera
310 1816 444 1890 materia
463 1816 631 1891 debilitata
646 1819 763 1916 jacent.

119 1932 224 2031 Quod
244 1933 272 2005 si
289 1933 376 2004 forte
392 1930 478 2005 liber
492 1948 615 2006 vestras
632 1934 780 2033 pervenit
796 1934 836 2007 ad
854 1964 967 2024 aures,
1033 1962 1037 1969 ·

165 2047 316 2122 Tutelam
332 2049 453 2122 mando
471 2049 590 2123 sentiat
605 2048 660 2122 ille
677 2067 775 2126 tuam.

115 2166 189 2237 Hoc
206 2163 268 2235 tibi
284 2163 427 2251 facturo,
445 2161 496 2236 vel
514 2164 541 2236 si
561 2194 629 2237 non
644 2165 716 2264 ipse
732 2193 897 2258 rogarem,
1135 2161 1162 2239 'at

165 2282 309 2356 Accedat
327 2279 476 2354 cumulus
493 2281 596 2375 gratia
612 2300 725 2354 nostra
740 2279 831 2354 levis.

115 2433 215 2482 ductum
239 2445 338 2481 carmen
360 2437 451 2480 nostro
468 2427 545 2479 Pont.
565 2427 622 2493 IV,
669 2427 721 2480 acri
730 2426 805 2479 Tibia
815 2444 902 2479 sumes
912 2425 1063 2492 celebrare,
1077 2426 1163 2481 etot»

116 2507 229 2575 Eleg.1‚
242 2525 278 2557 vs.
292 2524 320 2562 r,
335 2515 361 2556 et
372 2503 482 2572 Virgilio
495 2505 522 2556 in
535 2503 623 2556 Buco—
671 2514 698 2557 et
709 2505 738 2565 1,
754 2503 834 2572 Epist.
849 2519 881 2555 ιιι
894 2541 902 2568 ,
921 2523 954 2572 7·:
967 2526 980 2549 κ
998 2503 1068 2573 Quis
1078 2505 1124 2558 eibi
1135 2523 1165 2556 res

115 2583 186 2650 licis,
200 2581 288 2650 Eclog.
299 2581 356 2645 Vl,
370 2598 405 2632 vs.
418 2584 440 2632 5.
452 2580 625 2632 H—Strrclos
672 2591 754 2648 gestas
771 2580 877 2648 Augusti
890 2580 1004 2633 seribere
1016 2582 1137 2635 sumiti»

46 2710 50 2720 ,
115 2660 167 2728 legi
188 2680 203 2711 a
220 2656 388 2725 quibusdam,
408 2655 441 2718 id,
453 2665 506 2721 est,
523 2655 623 2722 nudos,
705 2679 742 2730 ας).
753 2660 1167 2727 Gravitasqnenae'torque.Gmnlas

118 2748 227 2802 tenues,
241 2747 316 2789 notat
327 2737 512 2788 Bersmannus.
584 2785 585 2789 ,
673 2735 802 2788 adrerum
811 2735 1022 2804 magnitudinem
1032 2777 1039 2803 ,
1048 2743 1167 2791 nitorvero

150 2819 314 2869 nn.Plaud1's.
327 2813 623 2868 Gratularisa-En'oo.
642 2847 644 2852 ·
672 2812 704 2864 ad
726 2812 949 2881 pulchritudinem
970 2824 998 2867 et
1017 2815 1167 2871 nobilitatem

112 2892 355 2962 'Exparvapoeticae
366 2890 625 2956 facultate-Magna
672 2890 775 2942 illarum
789 2889 909 2943 refertur.

110 2969 191 3038 facit.
209 2971 300 3020 Trahit
314 2969 446 3035 eleganter
458 2985 525 3018 unus
538 2965 623 3017 Vatic.
698 2969 1168 3039 3nNecetoNecpotuiaequarevenu

150 3047 189 3111 24.
206 3048 255 3096 Via
266 3048 396 3112 sr'biqnum
404 3050 513 3095 miseros.
526 3041 623 3094 Sensus
671 3044 1117 3115 meorerummagoitudinem‚quia
1126 3064 1169 3099 non

117 3133 156 3195 est
168 3143 174 3174 ε
187 3132 258 3191 grata
269 3132 330 3174 sunt
342 3134 369 3174 et
381 3123 437 3175 laeta
449 3139 506 3188 quae
518 3138 566 3188 pro
579 3138 621 3170 me
670 3122 842 3188 respondebat
865 3122 970 3174 caimen
992 3138 1086 3176 meum
1104 3125 1168 3177 retu

116 3200 176 3266 sacis
184 3220 195 3265 :¹
203 3201 318 3267 quamvis
329 3199 370 3250 vix
383 3199 503 3252 credibile
516 3199 563 3263 sit,
576 3199 622 3250 mi·
670 3199 815 3266 gestis‚quae
824 3201 1021 3263 erantmajorea
1029 3219 1168 3254 meoverau.

119 3274 207 3331 ser'um
219 3294 349 3343 quemque
363 3296 435 3345 posse
449 3277 499 3328 ulla
512 3296 539 3328 re
553 3295 621 3344 gau·
681 3268 683 3274 ¹
703 3274 742 3327 31.
753 3278 829 3335 Illic,
842 3295 916 3342 quam
926 3279 1023 3329 laudes.
1036 3278 1068 3330 ln
1079 3278 1168 3332 deseri·

116 3356 196 3421 dere‚
215 3364 242 3405 et
259 3353 294 3404 illi
312 3371 369 3404 eam
387 3355 494 3420 placere.
511 3355 561 3405 Vel
573 3352 622 3407 hoc
669 3350 852 3405 bendotamen
867 3352 1167 3424 hujusmoditriumplro,

116 3430 196 3483 dicit:
209 3439 311 3498 gratum
324 3438 362 3480 est
376 3447 390 3478 a
404 3439 427 3480 te
442 3429 544 3496 probari
559 3448 621 3481 car·
670 3429 788 3497 quamvis
802 3447 856 3480 non
869 3429 904 3480 ita
916 3427 1053 3498 eleganter
1067 3432 1106 3485 rei
1118 3450 1167 3484 rna·

116 3526 178 3559 men
195 3523 300 3560 meum.
316 3502 386 3571 quod
400 3514 446 3555 tuo
460 3506 556 3570 jndicio
569 3505 621 3557 ali·
670 3504 835 3574 gnitudinem
850 3505 985 3558 adsecutus
1001 3507 1053 3574 eit,
1069 3508 1167 3562 laudau-

80 3575 82 3577 ’
115 3582 452 3655 quidesseexistimmnam
461 3583 621 3649 meoiudicio
670 3582 729 3633 dam
751 3594 839 3634 tamen
860 3601 914 3634 esse
934 3581 996 3636 dicit
1015 3585 1168 3640 voluntatem

115 3661 180 3715 nihil
191 3671 230 3714 est
242 3660 310 3728 quod
321 3659 434 3713 credam.
446 3660 498 3709 viix
509 3659 579 3710 enim
593 3661 620 3711 in
668 3658 818 3711 officiosam.

114 3738 162 3793 bac
170 3737 272 3793 miseria
280 3737 344 3791 mihi
353 3737 400 3806 ipsi
408 3735 496 3805 placeo
504 3774 512 3799 ,
521 3735 620 3788 nedum
701 3737 741 3788 32.
751 3738 862 3787 Materia
869 3739 1018 3789 debilitante
1019 3739 1120 3806 lacent.
1127 3742 1168 3792 ne

109 3806 230 3869 'carmina
244 3834 311 3868 mea.
377 3856 379 3861 .
669 3816 769 3865 br'litata
784 3812 922 3871 meliorem
941 3824 969 3866 et
989 3818 1068 3880 Quod
1077 3822 1105 3869 sr'
1107 3817 1167 3885 som

148 3896 187 3945 28.
201 3894 541 3951 Tantarumeremolisonns.
552 3891 621 3956 Opus
667 3895 740 3942 liber.
755 3909 808 3942 non
823 3895 885 3954 Qun·
897 3901 923 3942 et
935 3893 993 3944 Hoc
1000 3893 1162 3960 tibr'facturo.

82 3960 234 4028 ,meliores
246 3968 367 4036 plerique.
385 3966 420 4025 H.
432 3997 468 4028 -,
479 3968 571 4025 Vere:
586 3968 627 4028 ita
669 3964 797 4035 p'roHaec.
813 3967 913 4020 Hatris.
992 3979 994 3983 ’

113 4063 208 4096 sumere
217 4045 300 4098 utitur
310 4038 449 4111 Horatius,
462 4043 619 4112 1,0d.x11:
700 4045 739 4095 33.
752 4048 828 4096 Liber
839 4054 886 4096 etr.
906 4043 1024 4100 Carmen
1038 4067 1126 4102 meum
1137 4047 1162 4100 de

114 4144 128 4168 α
141 4121 232 4190 Quem
241 4122 340 4190 virum,
356 4136 401 4177 aut
412 4124 493 4179 heroa
500 4123 570 4194 lyra,
579 4123 619 4175 vel
668 4120 802 4189 triumpho
815 4120 975 4175 Germanici.
