2624 4816
214 430 282 500 EX
305 429 487 500 PONTO
510 433 607 501 LIB.
633 431 685 500 11.
711 433 884 503 EPIST.
908 429 1031 513 V111'.
1081 439 1146 507 353

132 570 222 645 Ante
241 572 482 672 triumphantes
499 601 589 648 serva
604 573 728 646 feratur
745 601 860 673 equos.
1116 601 1150 669 40

99 685 139 760 lic
157 704 252 788 pater
268 686 304 759 in
322 686 455 786 Pylios,
475 690 626 761 Cumaeos
642 705 746 762 mater
761 688 796 760 in
812 718 919 764 annos

133 804 271 888 vivoru
290 821 323 877 et
339 806 446 906 possis
463 803 551 878 filius
569 831 639 878 esse
657 804 723 878 diu.

99 923 139 994 lu
157 949 309 1021 qnoque,
328 920 525 995 conveniens
545 921 673 1016 ingenti
689 939 793 1021 nupta
809 925 949 1014 marito,

134 1036 259 1137 Accipe
273 1062 345 1109 non
364 1036 445 1110 dora
463 1034 622 1136 supplicis
638 1065 714 1109 aure
730 1065 852 1136 preces.

99 1151 145 1226 lic
166 1150 227 1222 tibi
244 1151 294 1222 vir
312 1178 444 1251 sospes,
462 1151 509 1224 sic
528 1150 594 1224 sint
611 1180 684 1225 cum
703 1152 796 1251 prole
812 1174 970 1256 nepotes,
1122 1183 1156 1250 45

139 1267 293 1364 Cumque
309 1264 408 1337 bonis
426 1265 585 1350 nuribus,
606 1295 688 1366 quas
704 1296 880 1367 peperere,
897 1299 1023 1347 nurus:

99 1381 163 1467 lic,
185 1408 281 1481 quem
299 1378 369 1452 dira
388 1379 450 1450 tibi
469 1379 579 1478 rapuit
599 1381 790 1471 Germania,
808 1385 939 1459 Drusus

137 1499 222 1571 Pars
240 1497 341 1569 fuerit
355 1513 471 1595 partus
488 1493 558 1568 sola
574 1497 695 1570 caduca
714 1499 784 1570 tui:

99 1613 144 1688 iic
165 1612 227 1685 tibi
245 1613 353 1685 Marte
367 1639 447 1695 suo,
464 1611 600 1683 fraterni
618 1610 743 1686 limeris
760 1613 869 1705 ultor,

137 1730 332 1828 Purpureus
349 1727 454 1800 niveis
471 1725 559 1800 lilius
576 1727 676 1800 instet
694 1730 798 1829 equis.

99 1845 239 1920 bdnuite
257 1874 277 1916 o
296 1844 439 1928 timidis,
456 1843 627 1918 mitissima
647 1846 802 1934 numina,
822 1846 926 1922 votis!

142 1962 325 2035 Praesentes
343 1958 469 2059 aliquid
486 1959 593 2058 prosit
609 1960 730 2034 habere
747 1962 857 2038 Deos!

99 2077 233 2153 Caesaris
251 2075 392 2149 adventu
410 2092 482 2160 tuta
498 2074 660 2169 gladiator
676 2105 773 2151 arena

142 2193 241 2278 Exit3
260 2210 293 2265 et
308 2190 466 2265 auxilium
484 2219 554 2263 non
571 2190 641 2264 leve
653 2191 766 2266 vultus
781 2192 893 2267 habet.

99 2313 167 2410 llos
184 2339 317 2412 quoque
334 2326 442 2383 vestra
458 2309 550 2407 juvet
562 2309 673 2409 quod,
692 2338 756 2410 qua
771 2309 862 2400 lieet,
880 2341 937 2385 ora
950 2313 1114 2404 ridemus3
1130 2335 1162 2388 55

124 2473 500 2542 kodotetnbmphalesequos.
511 2473 605 2525 Treban-
687 2475 727 2527 53.
750 2477 858 2527 Cesarr's
876 2479 993 2530 adveatu.
1011 2477 1113 2532 Caesare
1135 2479 1164 2534 in

99 2555 200 2609 dautes
219 2561 257 2604 est
270 2550 299 2603 in
318 2550 509 2604 vetustioribus.
534 2551 605 2604 Ante
655 2571 762 2605 arenam
773 2553 987 2617 veniente3uam
999 2545 1164 2626 gladiatores,

99 2652 176 2704 equos
195 2630 314 2696 Tiberii,
334 2628 367 2682 de
386 2629 531 2684 Germania
553 2629 606 2685 de·
650 2631 699 2705 *qui
709 2631 775 2684 servi
787 2643 879 2698 erant,
890 2633 967 2700 victi,
978 2634 1166 2703 confugiebant

99 2711 164 2769 ricta
179 2710 346 2779 triumphum
360 2713 466 2780 agentis.
656 2708 688 2761 ad
700 2708 780 2778 pedes
789 2708 917 2777 Caesaris,
928 2721 953 2764 et
963 2711 1106 2765 incolumes
1120 2714 1167 2767 di·
1230 2709 1232 2712 ’

127 2794 170 2859 42.
194 2792 303 2852 litant,
320 2798 346 2841 et
359 2794 447 2856 posses
458 2792 535 2858 filius
550 2808 607 2844 esse
654 2786 834 2840 mittebantur.
851 2788 886 2840 Et
899 2789 920 2842 si
932 2788 1115 2858 confugientes
1132 2791 1167 2845 ad

99 2872 149 2925 itu.
166 2872 255 2922 Vrbem
264 2876 290 2923 et
298 2879 329 2922 u!
341 2868 478 2922 Barberin.
497 2872 608 2923 γίνηται
654 2874 782 2932 statuam,
793 2865 869 2918 liberi
881 2876 972 2932 erant,
986 2867 1071 2920 multo
1083 2869 1166 2939 magis

99 2950 155 3019 ital:
170 2952 257 3015 possm
271 2965 340 2999 unus
357 2946 442 3000 Vatic.
468 2948 562 2999 Vivam
579 2955 610 3000 ut
655 2943 838 3011 confugientes
859 2942 891 2995 ad
915 2945 1001 3013 ipsum
1020 2946 1167 3015 imperato·

99 3030 180 3083 mst's
191 3044 261 3078 unus
273 3024 383 3077 Medon.
401 3025 471 3077 Puto
484 3024 607 3078 seriben-
655 3039 755 3073 rem.·-
760 3023 861 3084 Vrdlm,
873 3020 900 3072 id
912 3032 966 3087 est,
977 3021 1086 3077 Caesaris
1098 3043 1168 3093 prae·

99 3103 179 3169 dm,
194 3102 463 3172 «Vivat,etopossis
473 3101 608 3158 filiusesse
656 3097 740 3151 sentia
760 3096 840 3150 babet
862 3116 917 3150 non
940 3099 1098 3168 modicum,
1120 3101 1166 3155 sed

99 3182 150 3253 dja,
161 3206 180 3255 ἰ
191 3183 294 3235 Huius.
657 3196 785 3248 magnum
796 3178 933 3246 auxilium,
946 3180 1007 3249 quia
1017 3180 1059 3234 ille
1071 3181 1168 3235 libera·

109 3261 171 3330 Ab.
194 3261 302 3327 Cumae
321 3261 393 3311 bonis
408 3262 526 3320 nuribus,
545 3279 610 3328 quas
658 3266 710 3309 tur.
727 3285 760 3296 -
780 3259 847 3309 Tuta
856 3261 986 3325 gladiator
1004 3279 1099 3322 arena,
1119 3276 1168 3328 pro

99 3358 221 3409 mrem.
237 3356 320 3390 rurus.
340 3338 411 3402 Quos
422 3355 535 3404 peperere
547 3337 610 3405 ple·
657 3339 712 3401 ψη
720 3337 939 3402 gladiotortatus,
952 3348 1015 3391 uota
1022 3338 1105 3407 poetis
1112 3355 1169 3389 me-

99 3416 174 3486 rique
183 3425 288 3467 veteres
300 3432 307 3466 :
317 3424 427 3483 nepotes
439 3413 535 3466 innuit.
548 3413 611 3467 Sar·
658 3411 759 3466 tatbesi.
776 3415 842 3466 Tota
855 3413 972 3485 plerique
988 3426 1117 3469 veterum.
1130 3414 1167 3468 H.

99 3492 222 3547 avianus
230 3494 330 3544 etocto'
342 3491 384 3543 alii
399 3493 468 3556 quod
474 3509 521 3558 pro
533 3498 606 3558 quot,
659 3519 692 3532 —
711 3495 790 3547 Tutus
804 3499 933 3561 gladiator
950 3495 1091 3548 duodecim
1108 3492 1170 3546 libri
1238 3503 1239 3506 ’

99 3580 128 3627 ut
138 3567 314 3624 Combianus.
323 3597 356 3609 -
367 3569 456 3621 Nostri
467 3588 538 3636 quas.
660 3580 687 3624 et
697 3572 788 3625 multae
797 3572 941 3638 editiones,
955 3571 1027 3642 quod
1034 3572 1169 3624 Burman-

128 3650 173 3703 50.
184 3646 407 3716 Purpureusfilius.
415 3645 550 3714 Tiberius,
565 3645 610 3698 Li·
660 3668 697 3702 no
708 3650 833 3718 placebat.
844 3680 877 3692 -
886 3651 976 3706 Nostri
987 3658 1051 3703 tuta.

99 3724 148 3781 τί·
160 3724 251 3790 filius,
268 3725 456 3792 paludamento
470 3725 612 3795 imperato·
694 3731 733 3783 ³5.
746 3731 800 3781 Nos
811 3749 905 3798 quoque
916 3727 1082 3794 oestrajuret.
1091 3722 1170 3778 Ordo

99 3803 139 3857 cio
152 3813 182 3873 et
194 3820 330 3871 purpureo
342 3802 458 3856 indutus.
661 3819 701 3862 est
711 3827 717 3860 :
727 3807 782 3861 Nos
794 3825 897 3876 quoque
909 3807 1001 3874 juvet,
1017 3801 1087 3870 quod
1100 3801 1170 3856 ride·

132 3889 176 3939 52.
188 3885 613 3951 presentesaliquidprosittabm
661 3902 720 3937 mus
738 3896 823 3938 vestra
835 3903 899 3949 ora,
921 3877 1071 3951 quomodo
1090 3878 1169 3945 lieet,

100 3962 181 4015 Deos.
191 3959 302 4029 Aliquos
312 3979 381 4013 unus
395 3961 513 4014 Vatican.
531 3959 614 4013 scribe
661 3959 775 4028 imagine
792 3971 895 4013 tantum
916 3974 1053 4025 expressa3
1072 3966 1099 4008 et
1120 3955 1170 4008 hoc

100 4044 190 4108 aliqua
196 4043 288 4106 prosit.
303 4039 379 4091 H.-
392 4040 462 4092 Deos
471 4050 614 4106 presentes.
662 4049 777 4108 spectare
790 4038 864 4090 nobis
881 4037 978 4104 prosit,
996 4033 1172 4102 quemadmo-

99 4117 235 4186 Augusti,
248 4116 349 4169 Tiberii
360 4127 388 4172 et
398 4116 478 4172 Liviae
488 4117 615 4186 imagines
662 4117 728 4170 dum
750 4116 884 4186 gladiatori
905 4113 1007 4183 profuit
1029 4113 1120 4168 vidisse
1142 4114 1172 4165 in

101 4196 195 4251 missas
210 4193 307 4248 Roma.
664 4212 744 4248 arena
757 4193 889 4249 Cesarem
901 4192 987 4261 ipsum
999 4203 1164 4261 praesentem.

202 4297 296 4372 VII.
486 4302 488 4306 ’
818 4305 820 4309 ’
971 4295 1013 4361 23
