2624 4816
252 373 522 445 rnrsrrnn
546 377 644 447 ern.
671 380 701 447 1.
729 381 874 453 nuso.
899 384 946 456 v.
990 344 992 349 ’
1065 413 1132 486 '29

113 513 231 611 Quum
244 513 331 588 foret
349 513 385 596 in
401 514 521 593 misero
536 533 670 616 pectore
685 521 802 596 mortis
819 552 928 614 amor3

63 625 137 702 Scis
153 628 260 718 bene,
279 630 333 703 cui
350 630 473 720 dicam,
489 633 609 734 positis
625 662 688 735 pro
706 637 842 713 nominc
858 641 981 737 signis3
1041 665 1049 676 “

114 744 275 822 Officium
290 765 399 824 necte
417 747 516 841 fallit,
535 751 656 842 amice,
674 770 778 829 tuum.

64 864 144 936 ltaec
161 864 245 937 mihi
260 893 390 966 semper
405 885 502 941 erunt
516 867 592 941 imis
607 867 706 942 infixa
719 868 891 962 medullis,

112 981 366 1084 Perpetuusque
379 982 496 1058 animae
510 983 644 1058 debitur
661 985 760 1085 hujus
778 1014 845 1061 ero.
1104 1027 1136 1066 ro

67 1096 211 1197 Spiritus
231 1115 263 1171 et
278 1126 395 1175 vacuas
411 1100 506 1199 prius
522 1099 576 1173 hic
594 1101 780 1176 tenuandus
795 1102 832 1177 in
850 1131 944 1180 auras

113 1214 201 1302 lbit,
220 1214 305 1288 etin
323 1209 437 1317 tepido
453 1216 580 1290 deseret
599 1245 673 1291 ossa
689 1246 791 1313 rogo,

68 1330 177 1426 Quam
195 1328 338 1403 subeant
353 1329 463 1403 animo
481 1330 675 1406 meritorum
692 1331 814 1408 oblivia
830 1353 970 1427 nostro,

113 1444 160 1517 Et
175 1440 276 1538 longa
292 1444 398 1544 pietas
415 1433 543 1520 excidal
558 1445 622 1520 ista
639 1446 702 1520 die.

70 1559 113 1632 Di
129 1555 193 1631 tibi
209 1557 278 1632 sint
292 1558 424 1649 faciles,
443 1576 477 1634 et
495 1562 569 1661 opis
583 1558 710 1634 nullius
729 1579 877 1656 egentem

115 1674 297 1749 Fortunam
314 1693 490 1775 prostent,
509 1676 765 1778 dissimilemque
781 1706 871 1754 mea.

73 1789 107 1864 si
122 1807 232 1864 tamen
248 1791 318 1864 hac
336 1792 430 1867 navis
448 1811 546 1867 vento
562 1792 702 1867 serretur
717 1795 842 1883 amico,

117 1907 330 2002 lgnoraretur
346 1906 485 1982 forsitan
502 1907 564 1984 ista
581 1908 673 1984 fides.

74 2019 198 2095 Thesea
213 2020 387 2109 Pirithous
404 2050 473 2096 non
490 2040 556 2098 tam
572 2024 728 2098 sensisset
745 2025 901 2116 amicum,

118 2136 155 2209 si
171 2160 240 2225 non
255 2137 400 2213 infernas
417 2140 510 2214 vivus
525 2138 647 2223 adisset
662 2168 783 2240 aquas:

78 2252 121 2323 Ut
134 2250 220 2325 foret
237 2250 422 2354 exemplum
439 2253 506 2327 veri
523 2254 682 2328 Phocaeus
699 2256 841 2344 amoris,

119 2369 282 2443 Fecerunt
296 2369 407 2457 furia,
426 2368 531 2444 tristis
549 2371 689 2460 Oresta,
707 2389 780 2445 tuae.

78 2483 190 2557 Sinon
207 2482 371 2586 Euryalus
390 2485 535 2562 Rutulos
550 2487 719 2562 cecidisset
733 2488 768 2562 in
783 2488 916 2577 hostes,
978 2527 992 2592 '.

120 2601 308 2701 Hyrtacidae
325 2602 406 2676 Niso
425 2600 529 2698 gloria
544 2601 636 2677 nulla
652 2602 760 2678 soret:

80 2718 221 2809 Scilicet,
237 2738 277 2794 ut
291 2719 419 2795 fulvum
436 2738 603 2822 spectatur
616 2721 652 2794 in
669 2720 803 2816 ignibus
819 2749 956 2810 aurum,
1102 2745 1135 2800 25

104 2886 128 2941 h
150 2890 231 2954 Qum
242 2887 315 2955 forst
332 2891 360 2939 in
378 2893 468 2940 meiero
481 2895 589 2954 pectore-
628 2883 710 2955 Epist.
723 2887 753 2952 4,
766 2883 798 2938 ad
808 2885 886 2940 Attic.
897 2905 952 2955 que
959 2887 1022 2942 nerii
1031 2893 1137 2943 suntin·

79 2969 157 3019 nortis
163 2982 249 3027 amem·
262 2963 384 3019 confilib.
396 2964 577 3031 lll,El.v111,
625 2967 698 3016 clusa
710 2966 833 3016 medullis.

80 3064 111 3098 rs.
122 3047 167 3118 39,
179 3047 219 3112 40.
230 3043 338 3109 Celsus,
348 3063 427 3114 quem
436 3045 506 3099 inter
514 3061 581 3113 pau·
664 3059 702 3093 ιο.
717 3043 808 3094 Aurini
819 3044 920 3095 debitor.
934 3040 1035 3095 Anime
1050 3041 1136 3113 pleri-

79 3125 186 3179 eissinros
197 3125 253 3178 illos
262 3135 414 3189 enumerat,
426 3123 470 3192 qui
482 3123 513 3175 ab
522 3123 579 3191 ejus
629 3137 678 3188 que
690 3119 819 3172 meliores.
836 3119 936 3174 Httnts.

80 3203 185 3256 amicitia
202 3220 256 3255 nou
270 3202 455 3268 discesserant,
471 3200 578 3268 effecit,
664 3216 701 3250 rr.
718 3198 825 3264 Spiritus
839 3200 882 3250 bic
893 3216 991 3250 onnus
999 3201 1072 3264 prius
1084 3215 1136 3250 es-

80 3293 205 3335 utmanus
217 3300 231 3334 a
243 3280 328 3350 seipso
336 3280 504 3341 abstinuerim
515 3278 557 3332 lib.
567 3278 581 3333 l
628 3279 768 3328 tenuandus
777 3274 874 3328 habent
886 3274 1001 3343 quidem.
1009 3274 1086 3328 Prius
1092 3293 1136 3328 me

80 3357 109 3412 de
116 3361 211 3426 Ponto,
217 3359 259 3414 El.
266 3376 306 3426 rx,
314 3376 344 3411 21
355 3376 383 3410 z«
393 3357 419 3412 Ο
430 3357 581 3426 quoties,vi·
628 3354 680 3407 vita
692 3351 813 3406 deficiet:
827 3353 898 3422 prius
910 3353 1015 3405 moriar.
1027 3353 1137 3406 Bessus.

81 3447 110 3490 te
119 3450 202 3492 custos
209 3437 308 3491 invisus
318 3454 429 3501 arnarae,
439 3433 581 3489 Continuit
663 3450 703 3485 so.
714 3434 803 3501 Aquas
810 3431 930 3496 infirmas.
938 3430 1056 3500 Fingunt
1064 3431 1136 3483 enim

80 3527 189 3583 promtus
201 3516 230 3569 in
241 3534 302 3570 mea
311 3513 365 3568 lata
377 3532 503 3568 manus.»
583 3533 588 3543 ¹
628 3507 1136 3577 poetoe,adrapiendaml²roserpinam,

110 3615 130 3663 7.
141 3595 235 3648 Positis
248 3613 297 3662 pro
313 3597 410 3645 nomine
423 3597 510 3659 sigism
523 3591 582 3646 Ve-
628 3585 728 3639 interos
747 3586 838 3640 adiisse
861 3585 995 3640 Theseum
1015 3603 1044 3637 ac
1063 3583 1138 3638 Piri-

80 3671 309 3742 ueturpoetaamici
317 3669 579 3739 nomenexprimere,
629 3664 730 3719 thonm.
1137 3657 1148 3692 ⁶

80 3759 179 3817 propter
194 3750 352 3818 Augustum.
604 3780 605 3784 ,
663 3739 1138 3821 21.Ph0caeus.Pylades,liliusStro-

110 3827 131 3879 8.
151 3830 245 3889 Fallit,
267 3830 367 3887 amr‘ce,
389 3833 480 3887 irum
501 3841 581 3876 meum
629 3819 702 3891 phii,
720 3823 765 3891 qui
776 3842 822 3875 rex
834 3819 955 3876 Phocidis
968 3820 1027 3876 fuit.

81 3905 151 3958 multi
157 3905 317 3960 codicesran
323 3904 417 3971 priam?
432 3901 503 3971 quod
513 3919 581 3970 sape
647 3921 702 3953 ur.
723 3902 782 3953 Tua
790 3899 875 3967 suerro.
891 3899 976 3952 Furor
987 3909 1066 3964 tuiss3
1084 3917 1138 3970 quo

81 3980 433 4039 iumeumettunmalibrariis
440 3989 581 4033 mutatum.
630 3977 778 4050 agitabaris,
790 3977 823 4030 ob
836 3986 948 4030 matrem
961 3977 1137 4034 interiectam.

110 4083 132 4134 9·
144 4068 202 4118 Hoec
211 4067 278 4117 mr'br‘
285 4079 384 4128 semper
392 4067 464 4112 erun!
471 4065 529 4111 sireis
541 4063 583 4112 in·
663 4061 702 4123 ²4·
714 4058 860 4126 Hyrtacides
865 4057 932 4111 Nisi.
941 4057 1004 4109 Niso
1012 4066 1065 4110 tres
1073 4056 1139 4110 libri.

77 4141 129 4197 fisa
138 4146 256 4200 medullas.
271 4142 373 4196 Bm.
387 4134 441 4191 Cic.
456 4136 498 4192 tib.
513 4137 580 4202 XV,
630 4136 920 4207 lintres-Hyrtacfflae,
930 4135 1041 4208 Hyrtaci
1052 4134 1116 4188 lilio.
