2624 4816
224 393 293 460 EX
319 393 498 461 PONTO
521 396 617 461 LIB.
644 395 721 462 III.
748 398 915 468 EPIST.
942 403 994 469 11.
1088 404 1150 473 381

99 584 1157 623 Q

391 723 743 831 EPISTOLA
789 728 859 814 ΙΙ.

472 1494 783 1560 ARGUMENTUM.

99 1644 206 1698 Excusat
223 1643 335 1711 amicos,
354 1644 399 1713 qui
411 1653 486 1696 metu
500 1644 623 1698 dederint
638 1656 727 1715 terga,
744 1665 798 1699 nou
810 1645 871 1700 odio
881 1667 888 1710 ;
900 1646 1029 1716 aliorum,
1044 1649 1104 1701 etin
1117 1649 1157 1702 hia

127 1727 216 1782 Cottae
229 1729 353 1796 pietatem
366 1740 392 1783 et
403 1730 578 1783 constantiam
589 1730 704 1784 celebrat
716 1768 723 1796 ,
735 1748 796 1784 cum
809 1729 884 1784 laude
895 1730 1031 1786 Orestiaet
1039 1731 1160 1803 Pyladis,

123 1815 223 1868 ituram
237 1814 268 1867 ad
281 1825 405 1884 posteros.
884 1810 887 1814 λ

99 1968 180 2096 QU
190 2008 251 2072 tn
264 1997 348 2094 legis
363 2027 382 2070 a
399 1997 500 2071 uobis
518 1997 651 2072 missam
668 1997 750 2085 tibi,
770 1999 887 2087 Cotta,
902 1997 1061 2086 salutern,

143 2114 249 2189 Missa
267 2115 311 2188 sit
327 2132 366 2188 ut
382 2142 475 2202 vere,
489 2115 742 2215 perveniatque,
761 2143 888 2215 precor.
949 2133 951 2138 “
1049 2119 1052 2124 ’

99 2232 247 2330 Namque
265 2229 346 2302 meis
365 2256 480 2329 sospes
494 2227 636 2302 multum
650 2226 850 2302 cmciatibus
865 2226 992 2316 auseis,

144 2345 259 2443 thue
274 2343 318 2416 sit
334 2370 351 2415 e
366 2340 468 2414 nobis
483 2370 561 2444 pars
577 2341 666 2414 bona
683 2340 785 2429 salva,
803 2341 892 2414 facis.

99 2459 280 2559 Quumque
296 2457 412 2531 labent
427 2455 502 2546 alii,
522 2457 706 2559 jactataque
722 2456 791 2530 vela
809 2458 1012 2559 relinquant,
1146 2481 1161 2528 5

144 2575 199 2647 Tu
215 2574 327 2648 lacerae
344 2602 490 2648 remanes
506 2575 649 2649 anchora
667 2574 736 2648 sola
755 2575 827 2648 rati.

99 2689 201 2771 Grata
219 2704 274 2762 tua
293 2707 342 2762 est
358 2687 459 2782 igitur
474 2689 581 2789 pietas
596 2719 604 2760 :
619 2689 821 2784 ignoscimus
839 2687 919 2775 illis,

145 2805 216 2902 Qui
233 2833 307 2879 cum
323 2804 458 2878 fortuna
476 2823 566 2899 terga
583 2807 701 2880 dedere
716 2805 810 2901 fugae.

128 2980 148 3020 ⁴
164 2977 279 3034 Corum.
294 2977 381 3032 Cottae
399 2978 551 3032 Messallino
566 2980 605 3032 Μ.
655 2998 710 3032 uon
723 2978 838 3048 agnoscit
849 2999 855 3039 ;
868 2978 978 3048 Argeut.
990 2989 1018 3031 et
1026 2997 1070 3032 sex
1080 2978 1122 3032 alii
1132 3000 1163 3034 ex

99 3059 199 3115 Valerii
218 3059 335 3114 Mesealae
353 3059 481 3125 Corvini,
497 3061 607 3113 oratoris
655 3057 820 3119 melioribus,
839 3057 920 3123 thue
931 3061 1002 3108 sitin
1012 3061 1092 3111 nobis.
1109 3058 1162 3112 Le-

99 3137 167 3192 illius
179 3139 295 3203 summi,
316 3138 385 3203 filio,
405 3139 448 3207 qni
464 3138 605 3207 adoptione
656 3155 686 3204 ge
702 3155 708 3189 :
724 3157 737 3181 «ι
753 3134 844 3203 thue
858 3135 890 3188 sit
905 3153 919 3186 e
934 3134 1008 3188 nobis
1023 3154 1082 3205 pars
1092 3136 1161 3189 bona

99 3215 126 3269 in
146 3214 282 3268 Aureliam
303 3227 409 3284 gentem
431 3216 606 3281 transiverat,
654 3214 723 3268 salva
732 3213 803 3266 lacis.
816 3235 829 3259 »
844 3214 944 3267 Hms.

98 3292 170 3348 uude
188 3303 215 3347 et
229 3291 314 3346 Cottae
325 3311 472 3361 cognomen
490 3293 538 3346 sibi
555 3293 607 3345 ad·
688 3296 712 3344 5.
729 3294 882 3360 sacrataque
895 3294 953 3343 vela
966 3292 1114 3359 relinquant.
1128 3291 1163 3343 Et

99 3373 181 3426 scivit.
193 3371 285 3440 Quem
293 3382 459 3436 memorant,
473 3373 544 3424 Pera.
553 3372 608 3424 Sat.
656 3367 778 3422 deferant
793 3369 848 3421 vela
863 3388 877 3422 a
894 3368 978 3423 ventis
992 3371 1093 3439 agitata.
1110 3371 1164 3422 Per

100 3450 183 3519 ll,‘72
192 3470 199 3514 ς
209 3450 331 3503 Juvenal.
344 3448 474 3514 sacvll,
486 3454 530 3518 753
540 3447 608 3501 Plin.
656 3451 714 3499 vela
726 3457 829 3512 autem,
843 3447 964 3501 amicitiae
975 3446 1056 3500 fidem
1065 3457 1092 3499 et
1103 3446 1163 3499 olfi-

99 3525 142 3582 lib.
154 3529 197 3594 X,
209 3547 264 3597 cap.
278 3549 317 3581 ao.
657 3525 726 3578 cium
740 3525 863 3594 intellige.

134 3627 157 3659 1.
175 3609 266 3672 (lnam.
281 3610 332 3672 (tui
345 3607 457 3659 Putean.
474 3609 539 3660 Cota
552 3607 609 3659 Ju-
690 3605 713 3657 8.
734 3609 857 3670 Quicum
872 3603 979 3670 fhrtuna
994 3614 1063 3670 terga
1077 3605 1165 3658 dedere

100 3683 172 3738 nian.
189 3688 250 3738 Cote
264 3684 336 3739 Leid.
352 3684 397 3753 qui
414 3696 440 3738 et
459 3685 486 3737 in
502 3685 609 3752 fronte,
650 3682 729 3751 suge.
742 3680 832 3736 Scribe
846 3682 886 3734 vel
900 3680 986 3734 invitis
1000 3681 1100 3748 scriptis
1113 3701 1163 3735 co-

100 3766 138 3816 ad
151 3764 249 3817 Cotum.
658 3760 775 3824 dicibus,
799 3779 854 3812 cum
868 3757 976 3824 fortm
990 3768 1060 3824 terffa
1076 3761 1165 3813 dedere

134 3862 158 3894 a.
169 3844 256 3895 Missa
266 3847 303 3894 si!
310 3852 339 3894 ut
347 3862 410 3895 vere.
420 3841 495 3895 Salus
502 3860 562 3894 vere
574 3842 612 3894 di·
659 3859 720 3893 mea.
740 3842 820 3906 Terffa
833 3845 893 3890 dare
907 3856 955 3904 pro
961 3835 1066 3902 lamere,
1085 3839 1166 3892 usita-

100 3920 172 3974 citur
178 3921 263 3986 mitti,
273 3939 356 3990 quum
365 3922 406 3974 ille
416 3921 446 3973 ad
456 3941 536 3990 quem
547 3922 613 3974 scri·
660 3930 716 3972 tum
727 3920 832 3982 Nostro,
844 3927 870 3969 et
880 3915 994 3968 melioris
1002 3916 1049 3968 aevi
1059 3917 1166 3985 scripto·

100 3995 205 4063 bimus,
217 4009 287 4052 recte
295 3999 376 4064 valet,
386 3998 611 4068 quemadmodum
659 3998 739 4052 ribus.
747 3999 871 4063 H.—()ui
877 4016 932 4048 cunr
933 3993 1047 4061 sernum.
1057 3997 1114 4066 Qui
1120 3998 1165 4050 ubi

99 4091 233 4149 optamus.
660 4095 703 4129 me
717 4095 732 4129 a
743 4075 850 4128 fortuna
862 4082 1019 4140 prostratum
1029 4085 1055 4127 et
1065 4076 1166 4145 relega·

134 4162 159 4225 4.
172 4158 259 4226 Atque
268 4163 339 4212 silut
348 4160 427 4210 nobis.
435 4162 468 4212 'ro'
476 4157 612 4212 utSan'av.
660 4165 718 4209 tum
729 4153 833 4218 videre,
846 4163 981 4220 coeperuut
993 4153 1092 4222 lugere.
