2624 4816
236 383 1026 467 nxrourourn.11.ur1s'r.v11.
1090 399 1157 491 349

144 536 223 609 Non
238 534 364 635 patitur
380 534 461 608 verti
477 532 637 608 barbarus
652 534 758 608 hostis
775 535 922 609 humum.
976 576 981 584 ·
1124 572 1159 628 7⁰

99 647 270 749 Temperie
287 647 357 720 caeli
374 675 560 747 corpusque
576 647 769 746 animusque
784 648 962 746 juvantur:

146 764 284 860 Frigore
301 781 461 865 perpetuo
479 764 635 838 Sarmatis
654 790 711 836 ora
726 763 822 859 riget.

99 883 160 955 Est
177 881 212 954 in
228 908 313 982 aqua
330 880 418 955 dulci
436 910 505 953 non
521 880 683 954 invidiosa
699 878 871 981 voluptas:

146 996 317 1094 AEquoreo
332 995 461 1069 bibitur
478 1024 553 1068 cum
571 993 635 1069 sale
653 993 749 1066 mista
766 994 871 1095 palus.

99 1110 224 1183 Omnia
241 1109 415 1198 delicium
433 1109 561 1185 animus
582 1129 689 1182 tamen
707 1110 814 1184 omnia
830 1110 953 1184 vincit:
1131 1131 1163 1201 75

146 1223 210 1298 llle
227 1226 322 1300 etiam
339 1226 423 1300 vires
442 1254 563 1328 corpus
578 1225 699 1299 habere
714 1226 800 1300 facit.

99 1339 274 1414 Sustineas
290 1358 330 1414 ut
345 1370 450 1430 onus,
468 1341 640 1416 nitendum
657 1341 775 1416 vertice
791 1340 888 1442 pleno
907 1359 972 1427 est;

148 1458 196 1529 At
209 1457 296 1531 lleeti
311 1486 429 1533 nervos
445 1460 472 1532 si
489 1459 633 1559 patiare,
650 1459 752 1561 cadet.
809 1501 812 1505 ·

101 1571 187 1673 Spes
204 1601 354 1673 quoque,
372 1602 468 1673 posse
489 1602 580 1648 mora
598 1574 766 1649 mitescere
783 1573 943 1674 principis
957 1574 1056 1662 iram,

152 1688 271 1762 Vivere
287 1715 329 1760 ue
345 1687 448 1761 nolim
466 1688 697 1790 defieiamqne,
717 1706 817 1763 cavet.
1132 1711 1166 1762 8⁰

100 1804 170 1876 Nee
189 1830 249 1874 vos
263 1831 362 1902 parva
380 1803 465 1875 datis
482 1806 579 1903 pauci
595 1804 712 1878 solatia
729 1805 847 1891 nobis,

153 1917 308 2012 Quorum
326 1933 469 2017 spectata
486 1935 536 1991 est
555 1945 615 2018 per
630 1919 712 1994 mala
728 1939 842 1994 nostra
857 1919 948 1995 fides.

104 2029 223 2129 Coepta
241 2047 333 2117 tene,
354 2058 485 2129 quaeso;
504 2060 563 2105 nee
579 2033 615 2104 in
633 2062 763 2134 aequore
777 2036 888 2108 desere
904 2063 1040 2108 navem:

153 2145 279 2243 Meque
296 2144 393 2218 simul
409 2174 519 2235 serva,
532 2148 757 2249 judiciumque
774 2166 877 2221 tuum.

103 2327 160 2362 sare
169 2320 285 2378 partam,
297 2321 471 2381 preterquam
482 2313 510 2366 in
522 2323 608 2382 terra,
658 2335 685 2368 se
708 2313 837 2383 suscipiat.
857 2304 960 2367 Mrcrn.
983 2335 996 2358 «
1016 2311 1163 2366 Nitendum

105 2385 152 2438 ubi
164 2387 304 2453 exsulabat.
658 2392 754 2444 vertice
763 2402 835 2444 recto
847 2401 894 2443 est.
907 2413 920 2435 »
939 2391 1115 2456 Verticepleuo
1128 2399 1169 2443 est

138 2483 177 2533 71·
202 2467 325 2531 Temperie
335 2469 394 2518 coli
401 2485 535 2534 corpusque
547 2472 611 2520 ani-
661 2468 764 2522 Sarrav.
778 2468 870 2536 scalig.
883 2468 993 2536 Argent.
1008 2475 1035 2518 et
1043 2476 1102 2519 octo
1112 2465 1163 2530 alii;

106 2559 218 2610 usque.
226 2540 341 2611 Oportet
352 2544 437 2598 locum
445 2544 539 2613 eligere
550 2556 614 2598 tem·
661 2557 731 2600 reete
743 2565 748 2598 :
763 2549 839 2599 cadet
849 2545 927 2597 etiam
939 2562 987 2613 pro
1000 2546 1078 2596 cades
1088 2562 1167 2596 versu

110 2628 250 2687 peratum,
264 2619 295 2672 ad
309 2622 484 2675 salubritatem
501 2620 616 2692 eorporis
663 2624 781 2693 proximo
793 2621 935 2690 exscriptis
948 2621 1053 2691 plurimi
1064 2642 1071 2684 3
1084 2632 1111 2673 et
1122 2640 1167 2674 re·

110 2696 334 2765 conservandam,
354 2710 381 2752 et
408 2700 517 2767 proinde
537 2703 616 2754 etiarn
663 2711 719 2762 cte;
732 2699 764 2753 de
777 2719 857 2752 onere
870 2699 991 2767 loquitur.
1002 2699 1037 2750 H.

108 2774 216 2828 mentis.
698 2781 739 2831 80.
761 2779 847 2830 Vsum
863 2796 895 2828 ne
911 2781 988 2829 nolim
1007 2777 1169 2844 deficu'amque

140 2853 181 2922 74.
206 2854 293 2905 Palus.
314 2853 390 2922 Aqua
409 2855 528 2924 palustris
546 2875 552 2908 :
569 2856 611 2909 vel
657 2855 736 2923 facul.
749 2857 827 2906 Curet
836 2871 935 2921 repone
944 2893 952 2919 ,
966 2872 996 2906 ex
1012 2850 1171 2904 melioribus.

107 2947 174 3000 quse.
190 2922 284 2982 defluit
305 2950 336 2982 ex
359 2931 483 2985 Maeotide
508 2933 614 3002 palude,
698 2934 737 2984 81.
756 2933 809 2982 Nec
821 2949 866 2982 vos
873 2946 955 2997 parua
965 2932 1042 2981 datis.
1054 2927 1170 2995 Aequie·

107 3024 191 3077 eaque
202 3006 273 3060 salsa.
669 3009 764 3062 scimus
775 3009 869 3075 etiam,
885 3008 981 3076 iuquit,
994 3005 1085 3060 vestris
1096 3005 1169 3059 sola-

144 3088 185 3155 7⁵·
203 3084 314 3139 Animus
324 3094 408 3138 tamen
427 3093 512 3141 omur'a
532 3095 617 3144 v1'uc1't.
666 3087 728 3153 tiis,
745 3106 761 3139 o
776 3086 868 3150 aurici,
881 3105 993 3155 quorum
1010 3084 1128 3154 presidia
1145 3092 1172 3137 et

110 3161 217 3218 Tamen
231 3165 320 3216 omnia
333 3164 386 3218 haec
399 3167 569 3222 incommoda
577 3189 617 3222 su·
666 3164 747 3217 fidem
759 3166 785 3217 in
797 3164 870 3217 malis
882 3166 946 3217 meis
958 3176 984 3217 et
998 3165 1075 3217 rebus
1088 3162 1172 3215 dubiis

108 3256 175 3309 pero
191 3240 271 3292 animi
284 3240 448 3296 fortitudine.
666 3246 783 3314 cognovi.

147 3319 325 3387 77.Sustiueas
335 3330 441 3373 utonus.
452 3320 618 3376 Generaliter
700 3328 740 3378 82.
757 3325 875 3390 Spectata
887 3325 965 3392 fides.
985 3321 1172 3390 Metaphoraa

109 3404 139 3449 et
145 3408 266 3464 γνωμικῶς
275 3396 373 3450 dietum
383 3410 456 3467 puto,
470 3401 620 3469 utsitquasi
668 3401 790 3468 metallis,
802 3421 859 3471 quae
872 3403 974 3471 proprie
996 3401 1106 3471 spectari
1127 3398 1171 3451 di-

111 3476 233 3545 quoedam
252 3476 332 3531 illatio
348 3479 379 3531 ad
397 3480 546 3547 superiora,
567 3501 619 3548 pe·
668 3491 772 3534 cuntur.

111 3554 190 3609 rinde
202 3572 232 3607 ac
240 3554 261 3607 si
271 3554 352 3609 dicat:
365 3577 443 3626 quare
455 3577 536 3628 quum
549 3570 620 3612 tanta
701 3560 741 3610 83.
757 3559 811 3612 Nec
828 3563 856 3610 iu
872 3576 967 3626 equore
978 3559 1061 3608 desere
1077 3570 1172 3606 nauem.

112 3633 182 3686 mala
200 3651 260 3685 mea
276 3633 343 3695 sint,
357 3655 460 3689 neeesse
474 3647 511 3689 est
530 3647 560 3703 ut
570 3637 620 3690 sim
669 3638 765 3688 Bestiae
774 3646 875 3688 veteres
889 3645 1008 3702 quatuor.

114 3721 204 3764 erecto
224 3711 314 3763 animo
334 3732 363 3766 ac
381 3714 461 3779 lorti,
482 3725 620 3784 propterea
702 3716 742 3780 84.
758 3716 939 3780 Iudiciumque.
963 3709 1035 3776 Quia
1054 3704 1173 3773 iudicasti

113 3789 184 3857 quod
194 3788 312 3858 pondera
322 3791 389 3855 ,sive
401 3793 622 3862 oneragraviasu·
671 3811 714 3845 me
731 3791 841 3860 dignum
855 3791 949 3851 venia,
964 3795 1008 3838 aut
1021 3783 1173 3836 defensione

113 3867 207 3921 stineri
219 3867 294 3922 aliter
307 3889 362 3922 non
380 3873 495 3940 possint,
509 3891 587 3941 quam
600 3871 621 3924 si
670 3881 728 3928 tua.
741 3878 767 3920 et
780 3879 823 3920 tua
839 3867 949 3919 amicitia
960 3883 967 3927 ;
979 3863 1019 3915 vel
1030 3859 1099 3929 quod
1114 3859 1176 3913 Cre-

116 3947 173 4015 quis
183 3958 274 4003 erecto
286 3948 382 4006 vertice
394 3952 535 4018 connixus,
547 3970 578 4004 ea
593 3951 622 4003 in
673 3968 714 4002 sar
726 3947 792 4001 mihi
803 3949 956 4017 ignosceret·

528 4107 764 4131 ff.
