2624 4816
113 429 177 521 ln
386 430 424 557 n.
451 430 630 500 ovrnn
657 432 881 504 nnsonrs

112 570 200 667 Quis
215 573 355 670 patriam
372 568 504 643 sollerte
522 571 627 665 magis
645 570 761 647 dilexit
779 572 928 673 Ulyese?
1142 604 1168 655 ct

162 686 236 756 Hoc
255 701 362 757 tamen
381 684 540 783 asperitas
557 683 664 759 indice
680 703 763 759 nota
779 684 844 760 loci
862 705 922 763 est.

112 802 188 872 Non
205 799 292 887 loca,
309 799 363 873 sed
382 827 491 872 mores
509 800 606 874 dictis
623 803 751 876 vexavit
763 804 882 879 amaris

161 915 316 1015 Scepsius
333 914 522 1006 Ausonios,
542 935 679 1019 actaque
696 921 805 993 Roma
822 949 877 995 rea
892 940 953 995 est.

113 1030 207 1104 Falsa
229 1047 337 1105 tamen
352 1060 449 1133 passa
467 1050 517 1105 est
533 1061 626 1134 equa
642 1035 790 1109 convicia
807 1054 938 1125 mente,

163 1146 282 1222 Ohsnit
299 1151 426 1223 auctori
443 1179 503 1224 nec
521 1151 589 1225 sera
605 1151 718 1247 lingna
735 1182 808 1227 sno.
1145 1179 1172 1245 40

113 1266 158 1337 At
177 1264 283 1340 malus
300 1267 482 1368 interpres,
497 1266 617 1367 populi
632 1269 715 1341 milri
733 1270 879 1345 concitat
894 1270 997 1360 iram,

162 1384 269 1481 Inque
286 1410 410 1456 novum
430 1384 552 1457 crimen
571 1385 714 1457 carmina
728 1402 844 1458 nostra
859 1404 966 1459 vocat.

112 1501 194 1573 Tam
212 1499 289 1574 lelix
308 1502 449 1587 utinam,
469 1531 565 1601 quarn
585 1518 717 1601 pectore
733 1501 909 1591 candidus,
926 1504 1054 1578 essem!

163 1616 281 1688 Exstat
296 1615 403 1688 adhuc
418 1643 515 1688 nemo
533 1615 663 1689 sancius
680 1643 738 1687 ore
754 1643 840 1688 meo.

114 1729 228 1816 Adde,
249 1730 341 1830 qnod
356 1729 487 1830 Illyrica
505 1729 534 1802 si
550 1731 616 1827 jam
633 1729 706 1829 pice
723 1731 852 1826 nigrior
868 1759 992 1820 essem,
1146 1750 1173 1819 41

163 1850 240 1921 Non
255 1846 437 1921 mordenda
453 1847 536 1919 mihi
552 1846 650 1921 turba
667 1846 773 1922 fidelis
790 1867 867 1921 erat.

115 1960 264 2035 Molliter
281 1992 299 2035 a
317 1962 499 2035 vobis-meo
515 1990 588 2034 sors
605 1980 756 2061 excepta,
774 1962 933 2050 lomim,

162 2079 245 2150 Tam
263 2076 358 2151 mites
378 2077 495 2150 Graios
512 2078 636 2152 indicat
652 2106 721 2152 esse
737 2078 834 2152 viros.

147 2245 187 2297 35.
202 2248 266 2311 Quis
274 2250 394 2312 patriam.
407 2244 464 2313 Qui
478 2244 547 2314 apud
563 2246 624 2298 Ho-
673 2267 704 2300 ea
714 2245 970 2315 composuit-Fere
976 2251 1075 2316 lingue.
1085 2249 1175 2318 lingna

115 2340 220 2374 merum
231 2322 347 2376 ltlracanr
356 2325 467 2391 patriam
475 2343 542 2392 cepe
550 2342 626 2391 ospe-
674 2336 758 2393 poetae
773 2326 839 2390 leri,
859 2336 913 2378 tem
925 2327 1025 2380 acriter
1036 2326 1175 2381 invehendo

116 2420 173 2453 ram
186 2401 353 2469 sterilemque
368 2412 450 2455 vocat.
674 2405 703 2456 in
716 2405 859 2457 Romanos.

149 2482 567 2536 sabaudicaetociescltota
579 2483 627 2535 Ex·
708 2484 748 2547 41.
775 2484 815 2534 A!
833 2484 917 2534 malus
932 2487 1065 2550 interpres.
1084 2484 1119 2537 At
1140 2483 1176 2535 ille

118 2570 206 2627 cerpta
217 2560 341 2627 scaligeri
352 2571 379 2612 et
390 2559 500 2622 eexalii3
515 2560 623 2612 rectius:
649 2609 652 2613 .
676 2561 720 2628 qni
730 2560 798 2613 male
807 2562 1178 2628 interpretaturmeacarmina

117 2641 170 2689 soli
185 2637 263 2689 etiarn
283 2637 354 2703 dno,
375 2657 458 2706 quum
473 2642 532 2689 loca
549 2657 627 2692 versu
676 2639 828 2693 damnantia
839 2640 919 2692 situm
933 2651 962 2694 et
975 2642 1113 2712 regionem
1124 2642 1177 2694 To-

116 2714 236 2783 proximo
248 2725 389 2783 repetatur.
402 2716 503 2768 Ilnnts.
676 2718 812 2770 mitonem.
830 2720 980 2783 -fflopuli
995 2722 1063 2770 mc'dc'
1079 2723 1180 2771 conectat

150 2795 190 2862 37,
201 2792 627 2856 „lonloccsedmoresdr'ctr's.Do·
676 2800 748 2846 riam.
770 2795 803 2851 ln
821 2793 913 2845 odium
930 2805 958 2847 et
977 2795 1179 2865 indignationem

119 2884 160 2927 cet
171 2873 292 2938 Ovidius,
306 2874 442 2943 Scepsium
450 2885 555 2942 poetam
564 2874 628 2926 olim
678 2874 765 2942 populi
778 2866 914 2926 Tomitani
928 2893 973 2927 me
985 2874 1102 2928 adducit.

119 2962 215 3003 taxasse
230 2952 291 3005 vitia
307 2953 509 3018 Romanorum,
527 2964 554 3007 et
571 2971 627 3005 non
710 2954 749 3017 42.
761 2953 792 3003 In
808 2971 895 3004 norum
913 2957 1016 3004 cn'nren
1033 2954 1096 3006 Non
1115 2951 1177 3006 enim

118 3029 185 3090 loca,
194 3031 265 3097 qnod
277 3031 358 3100 magis
368 3030 489 3085 odiosum
496 3030 547 3083 luit
557 3051 564 3083 t
573 3050 628 3084 non
676 3029 766 3082 solitus
777 3029 816 3081 fui
830 3048 948 3097 unquam
958 3031 1080 3084 carmine
1095 3048 1179 3100 qnem-

119 3118 208 3159 tamen
228 3106 271 3160 ille
286 3109 319 3161 ob
335 3128 394 3162 earn
408 3129 512 3163 cansam
528 3110 628 3163 damno
678 3124 757 3173 quam
770 3104 916 3160 offendere.

120 3185 206 3252 aliquo
219 3184 335 3239 adfectus
349 3187 408 3240 luit.
429 3188 480 3240 Alii
494 3207 550 3242 non
565 3208 629 3258 poe·
710 3184 750 3247 45·
763 3187 824 3236 Pt'ce
833 3187 945 3254 Illyrica.
958 3183 1023 3238 Pice
1035 3204 1095 3254 quc
1104 3185 1130 3237 in
1143 3184 1179 3239 ll-

119 3273 192 3329 tam,
210 3261 256 3315 sed
271 3262 452 3333 philosophum
465 3265 542 3320 fuisse
553 3266 629 3320 adse·
677 3262 743 3334 lycia
751 3262 916 3327 moechatum
924 3274 1036 3333 eratque
1045 3263 1179 3334 nigerrima

121 3351 200 3403 runt;
217 3340 275 3393 vide
289 3340 358 3393 Plin.
371 3341 415 3395 lib.
428 3345 562 3411 XXXIV,
573 3365 594 3399 c.
606 3367 628 3414 7.
679 3352 706 3394 et
717 3340 898 3395 laudatissima.

120 3419 265 3485 -Scriptc's
282 3423 385 3470 amaris.
406 3420 539 3474 Carminis
556 3442 630 3476 acer·
712 3422 752 3486 46.
764 3423 822 3474 Νοιι
833 3430 888 3473 era!
897 3425 1037 3474 mordenda
1047 3426 1116 3478 mitt
1127 3423 1181 3476 Non

122 3497 202 3549 bitate
214 3537 221 3561 ‚
234 3507 260 3549 et
271 3497 381 3568 satyrica
393 3499 606 3566 reprehensione.
679 3510 736 3552 erat
747 3518 761 3551 a
772 3518 815 3551 me
826 3499 1099 3568 reprehendenda-
1107 3503 1182 3554 Terta

154 3578 632 3644 38.SextiusAusonros.Septtus,se-
669 3580 767 3645 fidelae's.
792 3578 927 3629 Tomitani
951 3579 1048 3645 cives,
1076 3580 1121 3648 qni
1144 3595 1181 3630 me

117 3659 205 3720 psius,
220 3657 331 3723 Sepias,
340 3656 428 3722 septos
435 3665 461 3707 et
469 3655 562 3709 similia
572 3657 631 3709 libri
680 3665 769 3708 amant
780 3667 806 3708 et
816 3656 914 3708 fovent.

122 3743 231 3786 veteres.
247 3732 421 3786 Scribendnrn
441 3735 576 3800 Scepsius,
601 3745 631 3788 nt
712 3734 1183 3801 47.d!oll1'terezceptae.Placideetlre·

123 3811 239 3881 Scaliger
249 3814 328 3866 etiam
336 3812 401 3866 vidit
409 3825 435 3866 et
444 3815 630 3868 Bersmannns.
680 3809 760 3878 nigne
771 3821 895 3878 suscepta.
904 3839 938 3851 -
945 3813 1008 3864 Mea
1018 3832 1085 3866 sors.
1096 3812 1183 3865 Meum

123 3891 310 3943 Metrodorum
329 3891 467 3962 Scepsium
489 3892 631 3962 intelligit,
680 3888 859 3940 infortunium
869 3899 895 3941 et
905 3889 1040 3959 relegatio.

124 3969 168 4034 qui
179 3981 336 4042 proepopetoe
347 3968 431 4023 dictus
441 3982 487 4024 est.
497 3971 632 4024 lltttns.-
713 3969 752 4034 48.
762 3969 864 4021 Grae'os.
873 3970 934 4021 Hoc
942 3981 999 4034 est,
1011 3968 1062 4024 hoo
1072 3989 1128 4023 non
1136 3986 1183 4022 ecte

122 4047 239 4112 Actaque
247 4049 330 4099 loma
340 4067 384 4100 rea
392 4056 438 4101 est.
454 4050 489 4103 Et
502 4048 587 4103 Roma
598 4049 631 4103 ab
680 4047 821 4114 barbaros,
845 4046 891 4099 sed
912 4047 1038 4114 Grecos,
1063 4059 1090 4101 et
1104 4063 1184 4099 moret

122 4141 155 4177 eo
169 4133 285 4176 accusato
296 4123 354 4177 luit.
680 4125 833 4180 Groecornm
852 4145 976 4193 servare,
994 4127 1067 4180 unde
1085 4123 1185 4180 oriundi

154 4201 194 4269 do.
206 4202 375 4258 Auctorisno.
388 4204 441 4273 lpoi
451 4205 574 4275 Scepsio,
586 4205 632 4274 qui
679 4215 750 4258 eunt.
762 4204 802 4259 llli
814 4206 888 4259 eninr
897 4206 1005 4260 Tomon
1015 4207 1164 4263 condidere.
