2624 4816
113 407 178 479 ,270

385 384 425 449 P.
457 383 634 452 OVIDII
661 384 893 455 NASONIS

160 522 330 598 Auxilium
347 522 472 595 nostris
490 549 648 623 spemque
664 521 768 598 tulere
785 523 892 599 malis.

114 644 227 740 thue
246 638 455 713 Machaoniis
472 640 636 714 Poeantius
654 640 782 714 artibus
798 642 900 717 heros

160 755 280 829 Lenito
295 754 455 827 medicam
473 755 608 829 vulnere
625 757 729 829 sensit
744 784 838 857 opem
854 788 863 830 ε

113 873 169 946 Sic
186 900 248 964 ego
266 889 375 946 mente
389 872 515 970 jacens,
533 891 566 946 et
581 871 701 946 acerbo
718 874 849 947 sancius
864 875 952 961 ictu,

161 986 347 1061 Admonitu
365 988 449 1087 coepi
466 988 586 1063 sortior
603 1017 672 1062 esse
692 1007 769 1077 tuo;

114 1107 160 1177 Et
176 1104 241 1201 jam
260 1102 433 1190 deficiens,
453 1105 499 1178 sic
515 1104 556 1177 ad
576 1122 632 1178 tua
647 1105 746 1179 verba
761 1106 878 1193 revixi,

130 1308 132 1312 Ι
162 1222 211 1292 Ut
229 1218 314 1292 solet
330 1217 442 1291 infuso
460 1247 540 1292 vena
555 1218 659 1293 redire
673 1250 775 1294 mero.

112 1341 190 1413 Non
207 1357 314 1412 tamen
330 1336 482 1411 exhibuit
499 1354 607 1410 tantas
623 1336 775 1410 facundia
792 1337 899 1425 vires,

164 1458 212 1528 Ut
229 1484 299 1529 mea
318 1454 384 1528 sint
402 1454 499 1527 dictis
515 1471 650 1554 pectora
668 1482 746 1528 sana
764 1453 841 1528 tuis.

117 1578 166 1648 Ut
180 1573 322 1647 multum
339 1591 461 1648 nostrae
479 1573 588 1646 demas
608 1572 646 1646 de
665 1573 795 1667 gurgite
813 1600 917 1659 curae,

164 1692 243 1763 Non
259 1690 370 1762 minus
386 1689 566 1775 exhausto,
585 1688 678 1787 quod
697 1687 885 1787 superabit,
899 1687 971 1761 erit.

14 1796 16 1799 ’
110 1808 279 1904 ¹Tempore
295 1803 435 1877 ducetur
451 1802 553 1898 longo
569 1803 706 1877 sortasse
724 1802 878 1876 cicatrix:

167 1923 316 1992 Horrent
330 1917 480 1991 admotas
498 1917 631 1992 vulnera
649 1919 749 1992 cruda
766 1948 892 1993 manus.

116 2036 194 2106 Non
212 2050 261 2106 est
279 2032 314 2103 in
329 2031 456 2104 medico
473 2059 619 2135 semper,
635 2033 796 2106 relevetur
812 2050 850 2106 ut
866 2061 950 2127 aeger
966 2062 974 2104 ε

167 2147 337 2220 Interdum
355 2147 452 2220 docta
466 2145 543 2247 plus
561 2147 647 2222 valet
664 2167 732 2222 arte
747 2146 880 2221 malum.

20 2322 22 2328 ι
120 2267 254 2352 Cernis,
273 2283 341 2338 ute
359 2264 453 2338 molli
470 2267 603 2360 sanguis
617 2265 775 2366 pulmone
788 2267 944 2341 remissus

168 2385 223 2457 Ad
240 2382 369 2482 Stygias
387 2401 475 2455 certo
494 2381 596 2455 limite
613 2383 711 2456 ducat
727 2411 838 2482 aquas.
1147 2415 1172 2448 πο

118 2500 255 2575 Adferat
270 2501 342 2600 ipse
358 2498 435 2573 licet
449 2527 555 2572 sacras
573 2498 774 2600 Epidaurius
792 2498 930 2583 herhas,

152 2672 175 2720 5.
193 2667 580 2738 thueMachaom'z'sPaeantius
591 2685 631 2717 ar·

121 2751 188 2800 lc'bus
196 2749 275 2798 heros.
284 2746 443 2798 Machaona·
450 2755 517 2797 artes
526 2744 630 2813 proprie

121 2824 172 2877 hoc
184 2825 241 2876 loco
253 2822 408 2891 accipienda
417 2841 466 2890 pro
475 2822 520 2888 iis,
536 2820 630 2890 quibus

122 2900 270 2966 Machaon,
287 2899 428 2969 AEsculapii
440 2899 525 2964 filius,
539 2897 631 2951 Philo-

121 2990 218 3033 ctetem
225 2974 335 3031 'curavit
344 2979 469 3048 Sequitur
480 2978 552 3031 enim
563 2976 631 3032 Ovi-

122 3057 181 3110 dius
197 3075 289 3110 eorum
307 3057 477 3125 opinionem,
497 3057 541 3125 qui
561 3055 631 3109 Phi-

122 3136 245 3189 loctetem
269 3133 360 3205 ltydrae
381 3154 472 3187 morsu
490 3135 629 3201 sancium,

123 3211 337 3283 eoqueaGraecis
345 3212 374 3264 in
381 3213 484 3265 Lemno
492 3213 629 3278 relictum,

55 3337 57 3342 .
124 3304 230 3362 postea,
242 3290 346 3342 monitu
357 3290 453 3343 oraculi
463 3301 629 3357 revocatum,

124 3384 151 3427 et
160 3372 193 3425 ad
201 3370 311 3438 Troiam
319 3386 454 3420 reversum
464 3407 471 3434 ,
484 3368 633 3422 aMachao-'

125 3471 159 3504 ne
173 3459 294 3504 curatum
306 3445 405 3499 dieunt.

158 3523 632 3592 ro.Ursoletc'nsusovenaredr'remero.

125 3605 416 3677 AdsusoTwisdenius3
431 3603 501 3672 quod
514 3614 632 3673 prestat:

125 3688 153 3739 in
167 3687 291 3757 Epicedio
303 3682 397 3750 Drusi,
412 3700 448 3736 vs.
461 3685 508 3750 422
521 3701 528 3736 ε
541 3683 632 3745 «Λή-

127 3765 210 3834 daque
223 3765 313 3818 adfusa
325 3773 430 3834 guttura
442 3761 518 3814 tinxit
526 3781 607 3830 aqua,
618 3782 631 3807 u

128 3844 246 3898 alludunt
257 3843 308 3899 huc
320 3856 346 3897 et
358 3843 411 3897 duo
422 3839 463 3895 alii
474 3841 592 3911 codices,
604 3842 632 3894 in

127 3924 219 3992 quibus
231 3925 313 3992 effuso
326 3945 391 3978 mero
404 3944 412 3976 t
424 3943 471 3994 pro
483 3940 550 3975 vena
562 3940 634 3974 non-

127 4001 192 4053 nulli
196 4004 315 4067 stamma,
328 4003 368 4055 vel
377 4010 436 4057 vila.
449 4002 528 4055 Forte
541 4004 628 4064 Vesta,

128 4097 177 4146 pro
189 4077 242 4146 igni
253 4098 259 4139 ;
272 4076 367 4144 Silius,
383 4080 449 4133 libro
462 4080 520 4146 v1,
538 4098 573 4132 vs.
589 4077 634 4146 76:

130 4177 143 4202 a
158 4154 281 4209 Procedit
296 4169 419 4211 renovata
435 4159 500 4213 locis
520 4170 547 4212 et
562 4177 632 4229 pau-

679 2684 741 2733 pere
755 2666 836 2718 Vesta
848 2665 961 2717 Lumina
971 2649 1141 2733 preelendens.
1151 2686 1163 2710 u

715 2763 753 2795 ια.
766 2744 903 2795 Santsana.
915 2742 976 2794 Sint
987 2743 1043 2794 sine
1056 2742 1150 2797 dolore.

715 2819 752 2871 13.
768 2822 806 2872 Ut
814 2824 917 2873 multum
923 2823 1178 2890 demasnostrodepr

678 2905 746 2950 clore
762 2919 831 2951 curoe.
845 2899 954 2967 Argent.
971 2908 998 2950 et
1014 2900 1131 2968 quinque
1143 2897 1178 2952 alii

678 2987 768 3028 nostra
778 2980 808 3029 de
821 2981 916 3043 gurgite
926 2996 1008 3042 curoe,·
1019 2977 1150 3047 eleganter
1157 2986 1179 3029 et

679 3073 754 3119 vere,
766 3054 786 3106 si
799 3054 863 3122 quid
872 3053 948 3106 video
957 3056 1007 3108 :sic
1014 3076 1107 3124 gurges
1112 3061 1180 3110 vr'lt'o-

677 3152 730 3184 rum
745 3130 875 3184 Ciceroni.
890 3131 926 3185 H.

715 3210 751 3263 16.
765 3212 873 3262 Vulnera
879 3213 964 3262 cruda.
973 3211 1094 3264 Vulnera
1099 3230 1182 3266 recen·

680 3287 721 3342 tia.
737 3288 797 3341 Hoc
811 3286 891 3340 dicit:
907 3306 998 3341 recens
1015 3287 1093 3341 dolor
1106 3288 1181 3342 nullas

680 3366 795 3420 admittit
807 3365 1003 3420 consolationes.

715 3461 753 3519 ¹9·
762 3449 789 3499 E
792 3450 987 3514 mollr‘pulmoae.
993 3448 1102 3501 Mollem
1107 3448 1182 3520 probe

680 3525 988 3579 vocat.Vulneratoenim
998 3527 1183 3596 pulmone,ho-

680 3623 726 3656 mo
737 3604 888 3673 perimitur:
899 3622 960 3655 nam
969 3607 1124 3675 spongiosos
1135 3614 1183 3671 est,

680 3682 791 3752 ideoque
809 3681 914 3751 spiritus
931 3698 1015 3751 capax.
1029 3713 1062 3725 -
1073 3687 1184 3753 Sanguis.

681 3763 793 3832 Sanguis
805 3765 903 3831 ejectus
915 3803 923 3828 ,
942 3762 1012 3816 illato
1027 3765 1144 3821 vnlnere.
1155 3791 1184 3804 -

684 3843 755 3894 Certo
761 3846 846 3895 limite.
853 3843 913 3895 Vita
921 3861 977 3895 non
986 3844 1108 3914 ambigua
1115 3885 1122 3912 ,
1129 3843 1183 3913 quio

681 3921 801 3974 moritur.
812 3921 851 3974 Ex
860 3941 912 3990 quo
919 3922 994 3975 docet
1002 3942 1107 3976 causam
1114 3940 1183 3977 suam

682 4019 735 4052 esse
746 3999 889 4068 perditam,
905 4010 931 4053 et
943 4000 1113 4069 deploratam.

715 4079 918 4144 21.Ep1'daur1ias.
925 4078 1098 4149 AEsculapius,
1108 4078 1182 4149 quiin

670 4153 817 4228 'Epidauro
827 4158 928 4214 civitate
941 4158 1081 4214 colebatur.
1169 4201 1177 4206 .
