2624 4816
113 383 158 476 94
397 383 438 451 e.
468 383 644 453 orrum
674 359 902 456 ressonis

165 524 355 625 Exprimit,
367 540 424 598 est
440 522 550 624 aliquo
566 551 667 625 parra
679 525 800 600 tabella
816 526 915 602 loco:
990 530 993 535 ’
1032 528 1039 539 '

117 643 230 742 thue
244 641 335 716 sedet
349 640 445 715 vultu
461 639 567 717 fassus
582 638 796 716 Telamonius
807 640 910 733 iram,

165 761 271 856 Inque
289 755 392 830 oculis
408 755 535 830 sacinus
550 752 692 831 barbara
709 776 813 833 mater
828 760 954 834 hahet:¹
996 799 999 804 ·

119 871 174 944 Sic
191 870 340 944 madidos
357 870 457 944 siccat
474 869 586 966 digitis
603 873 716 946 Veuu's
734 872 801 946 uda
818 873 978 974 capillos,

166 989 213 1060 Et
227 986 328 1060 modo
343 985 600 1063 maternis'tecta
617 986 865 1088 rideturaquis.

120 1100 213 1176 Bella
231 1119 351 1175 sonant
367 1101 422 1175 alii
440 1102 513 1177 telis
529 1103 690 1179 instructa
704 1103 887 1191 cruentis‚'
927 1112 931 1117 ’

169 1218 315 1316 Parsque
333 1217 382 1290 tui
396 1217 545 1312 generis,
561 1245 639 1316 pars
657 1235 714 1291 tua
730 1215 815 1291 facta
830 1228 961 1293 canunt

121 1334 237 1408 Invida
250 1363 302 1408 me
319 1335 425 1435 spatio
442 1352 558 1411 natura
568 1335 721 1409 ¹coercuit
738 1351 851 1423 aucto,

169 1451 307 1548 Ingenio
322 1450 408 1524 vires
426 1450 625 1550 exiguasque
641 1449 741 1526 dedit
858 1458 862 1465 ’

121 1569 168 1641 Et
183 1585 310 1653 tamen,
329 1563 384 1637 ille
401 1581 464 1638 tuae
481 1563 558 1640 felix
574 1563 735 1641 AEneidos
750 1578 881 1650 auctor,

172 1681 325 1757 Contulit
339 1680 375 1752 in
392 1682 512 1780 Tyrios
529 1709 618 1755 arma
634 1681 806 1779 virumque
820 1697 934 1767 toros3
972 1704 974 1709 ·

122 1795 192 1876 Nec
207 1799 329 1893 legitur
346 1807 422 1898 par's
438 1796 505 1869 ulla
522 1795 626 1892 magis
644 1796 684 1870 de
701 1823 839 1897 corpore
856 1812 948 1882 toto,
1044 1810 1055 1841 ¹
1071 1824 1074 1830 ’

171 1916 282 2012 Quam
298 1942 368 1986 non
385 1911 536 2008 legitimo·
551 1913 672 1987 studere
686 1913 820 2012 junctus
837 1918 940 1986 arnor.

35 2014 38 2021 ¹
122 2030 284 2131 Phyllidis
302 2030 356 2102 hic
372 2030 480 2127 idem,
494 2037 690 2130 tenerosque
708 2029 920 2129 Amaryllidis
934 2028 1049 2122 ignes,

126 2178 131 2187 ·
171 2145 338 2220 Bucolicis
352 2145 480 2246 juvenis
496 2146 619 2221 luserat
635 2164 711 2220 ante
726 2145 844 2219 modis.
889 2148 893 2153 ’

125 2268 197 2339 Nos
216 2294 368 2366 quoque,
384 2265 451 2364 jam
466 2264 595 2366 pridem
610 2265 733 2364 scripto
751 2262 954 2364 peccavimus
971 2290 1056 2349 uno;

125 2437 293 2508 Tranquillus
302 2438 415 2507 apertius
427 2437 534 2490 denotat
546 2437 573 2489 in
583 2437 632 2490 Ti·
679 2436 766 2489 tabula
779 2435 860 2500 carie,
871 2434 999 2504 aliamque
1012 2453 1060 2503 pro
1073 2454 1079 2486 c

124 2516 199 2570 becio
210 2515 249 2568 his
263 2514 347 2568 verbis
360 2534 366 2567 :
378 2536 392 2560 κ
405 2512 532 2568 Cubicula
544 2512 632 2581 pluri·
679 2513 706 2565 in
714 2509 858 2582 principatu
866 2510 1079 2564 suosubstituitl]

124 2593 219 2647 fariam
239 2591 360 2662 disposita
379 2590 477 2646 tabellis
499 2611 528 2645 ac
546 2590 632 2658 sigillis
680 2609 769 2644 manu.
792 2590 895 2658 Apelles
919 2590 1079 2642 inchoavere

124 2670 347 2728 lasciuissimarum
359 2667 634 2751 picturarumacfigu-
681 2667 816 2721 Venerem
830 2665 909 2731 Cois,
925 2676 1079 2736 superaturu

127 2770 217 2806 rarum
229 2750 378 2816 adornavit,
390 2760 439 2804 etc.
449 2771 464 2796 »
681 2746 751 2799 illam
761 2746 885 2815 priorem.
899 2745 995 2798 Invidit
1005 2764 1079 2798 mors

160 2831 216 2882 525.
230 2829 310 2896 thue
320 2831 391 2880 sedet
400 2829 478 2880 uultu.
488 2825 597 2896 Ajacem
607 2835 633 2877 et
681 2835 773 2895 parte:
786 2845 835 2879 uec
847 2825 891 2894 qui
902 2824 1052 2879 succederet
1067 2842 1079 2877 e

126 2905 252 2964 Medeam
271 2904 436 2958 Timomachi
450 2903 554 2969 innuit,
570 2920 634 2954 ma·
682 2904 1079 2976 praescriptalineamenta,inve}

127 2985 197 3038 ximo
209 2983 293 3052 pretio
309 2984 340 3037 ab
352 2983 471 3052 Augusto
485 2982 632 3047 redemtos,
717 2986 772 3040 530.
784 2988 849 3038 Pars
859 2994 903 3038 rua
908 2984 987 3052 sacra
998 2987 1076 3037 cauit.

128 3062 161 3114 de
172 3061 264 3128 quibus
272 3060 372 3112 Plinius
382 3100 390 3127 ,
399 3059 441 3112 lib.
452 3057 563 3112 XXXV.
572 3059 635 3110 Me·
682 3065 779 3117 rectius
794 3062 908 3132 quidam.
926 3063 962 3114 H.
975 3090 1008 3101 -
1022 3063 1075 3112 Tur·

128 3139 177 3192 dea
189 3136 354 3192 Timomachi
364 3136 485 3190 laudatur
498 3135 614 3189 Ausonio
627 3173 634 3200 ,
684 3144 773 3210 Lugii,
787 3143 860 3210 caii,
875 3143 988 3208 Tiberii,
1002 3141 1079 3194 Drusi

128 3229 156 3272 et
168 3216 325 3283 Plutarcho,
344 3215 423 3269 etiam
435 3214 464 3267 in
476 3213 636 3283 hathulogia
684 3222 795 3288 manici,
809 3232 835 3274 et
849 3221 967 3274 aliorum.

130 3303 220 3367 8¹³⁸&-
232 3294 309 3346 H····
319 3294 400 3360 thue
408 3295 480 3345 “m
488 3294 567 3345 ΜΗ·
577 3290 636 3343 T³·
718 3302 772 3354 535.
785 3303 838 3352 Nec
854 3304 945 3366 legatur
952 3317 1015 3367 pars
1033 3301 1079 3352 ulta

128 3373 202 3428 bulso
213 3369 301 3440 Aiacis
314 3379 342 3423 ot
354 3368 458 3422 Medeae
471 3367 607 3436 intelligit,
622 3385 640 3418 a
687 3377 820 3446 Quartum
826 3374 954 3439 AEfigidos
965 3374 1028 3430 dicte
1039 3393 1046 3428 :
1061 3392 1077 3444 q

132 3451 235 3516 Coesare
249 3459 310 3502 onte
326 3447 409 3501 aedem
421 3446 534 3500 Veneris
546 3446 637 3499 Geni·
685 3467 743 3526 pter
754 3455 874 3520 carminis
885 3454 1013 3507 lasciviam
1024 3465 1051 3507 er
1059 3473 1079 3506 a,

130 3533 200 3587 tricis
212 3529 320 3606 dicatas,
333 3539 363 3580 ut
375 3538 414 3605 est
427 3536 518 3580 auctor
529 3526 636 3580 Plinius.
686 3533 943 3605 plurimumdetecrar
950 3572 958 3598 ‚
971 3542 998 3584 et
1006 3532 1079 3601 magi:

164 3611 221 3666 528.
236 3609 410 3678 Irouooculr‘s.
428 3607 523 3659 Oculos
532 3605 638 3677 plurimi
686 3610 1074 3679 caeteri‚legitur.÷Decorpors

129 3689 226 3759 scripti.
687 3701 743 3743 toto
751 3708 829 3758 opere
842 3686 977 3739 AEueidos.

165 3771 221 3836 ⁵²7·
230 3765 495 3831 memorosum.
506 3762 639 3818 Venerem
720 3769 775 3837 537.
788 3768 931 3833 Teucrisque
939 3768 1079 3835 Amaryllis

133 3844 294 3914 designetis
304 3841 397 3912 apelle
414 3841 527 3910 pictam,
543 3842 576 3895 de
588 3861 640 3910 qua
692 3846 844 3912 Teucrosque
855 3842 913 3895 libri
924 3841 1061 3908 meliores,
1073 3863 1079 3893 c

132 3925 169 3978 ito
178 3923 277 3976 Plinius
287 3921 374 3975 scribit
383 3918 532 3974 :Venerem
541 3940 640 3974 ereun-
687 3925 798 3994 ryllr'dos.
811 3922 909 3974 Hnnss.

135 4013 190 4055 tem
201 4019 216 4053 e
230 4000 296 4064 mari
307 4000 392 4054 Divus
404 3999 535 4068 Augustus
547 3998 641 4052 dicavit
723 4001 778 4072 539.
790 4001 885 4067 scripto
895 4005 1055 4066 percurrimus
1064 4004 1079 4051 ι’.

134 4081 163 4131 iu
171 4076 278 4131 delubro
286 4077 364 4146 patris
373 4075 496 4143 (luseris,
506 4095 563 4145 quae
570 4079 642 4130 Aua·
690 4086 742 4128 tres
752 4087 860 4129 veteres.
871 4077 991 4131 Bucolica
1004 4076 1077 4130 enirn

135 4161 270 4241 rigorosus,
289 4165 404 4210 coeatur.
421 4154 569 4211 Conseuuit
587 4153 642 4209 hoec
689 4175 744 4210 uon
756 4156 862 4224 scripsit.
876 4156 912 4208 H.
