2624 4816
114 383 158 469 aa
395 388 435 452 r.
468 386 651 454 ovrnrr
677 345 916 456 rasurus

161 523 392 625 Complectens
408 525 518 599 animo
536 526 687 626 proxima
704 555 841 628 quaque
858 548 946 600 meo,
1147 564 1181 620 7⁰

113 644 203 716 Dum
222 642 358 744 loquor,
379 662 411 716 et
425 645 560 730 llemus,
578 642 657 718 caelo
673 644 893 720 nitidissimus
909 643 993 734 alto,

163 759 263 834 Stella
281 761 388 856 gravis
402 763 523 852 nobis,
543 762 675 838 Lucifer
692 780 786 836 ortus
801 780 880 836 erat.

114 875 255 948 Dividor
266 875 356 950 baud
373 875 488 965 aliter,
505 905 603 978 quam
620 877 649 950 si
664 905 736 951 mea
753 877 899 950 membra
913 875 1097 977 relinquam
1112 905 1121 966 ;

162 992 210 1065 Et·
224 1021 300 1093 pars
318 992 471 1094 abrumpi
488 1021 626 1095 corpore
643 993 711 1067 visa
729 1021 791 1066 sero
808 1008 867 1066 est.

116 1107 171 1179 Sic
191 1109 339 1183 Priamus
358 1108 481 1197 doluit,
500 1126 578 1182 tunc
597 1138 699 1209 quum
717 1109 753 1181 in
771 1107 934 1183 contraria
951 1136 1065 1182 versus
1148 1129 1180 1199 75

163 1222 297 1297 Ultores
313 1225 432 1299 babuit
447 1225 648 1327 proditionis
665 1252 784 1325 equus.

116 1342 203 1413 Tum
222 1369 298 1413 vero
316 1341 462 1414 exoritur
478 1338 602 1413 clamor
615 1340 821 1441 gemitusque
836 1367 1008 1428 meorum,

165 1457 211 1527 Et
228 1454 351 1528 feriunt
366 1463 489 1528 moestae
505 1471 640 1554 pectora
656 1453 746 1526 nuda
761 1481 900 1540 manusc

116 1574 204 1646 Tum
219 1600 296 1645 vero
315 1572 452 1670 conjux,
468 1572 614 1646 humeris
632 1569 785 1644 abeuntis
800 1569 980 1658 inhaerens,

165 1687 305 1761 Miscuit
322 1688 389 1760 haec
407 1685 556 1785 lacrymis
573 1686 679 1759 tristia
697 1684 783 1758 dicta
799 1685 887 1759 suis:
1152 1707 1188 1760 to

116 1805 192 1878 Non
212 1821 308 1902 potes
325 1800 439 1886 avelli;
459 1799 556 1875 simul
573 1800 635 1874 ah!
656 1798 754 1873 simul
770 1800 906 1889 ibimus,
924 1801 1053 1901 inquit,

166 1922 215 1992 Te
234 1946 372 2018 sequar,
392 1933 425 1990 et
441 1917 561 2014 conjux
579 1915 700 1990 exsulis
718 1914 809 1989 exsul
827 1942 914 2012 eru.-

118 2041 164 2112 Εἰ
181 2036 261 2111 milri
279 2038 363 2110 sacta
381 2035 432 2107 via
449 2052 520 2136 esth:
536 2051 569 2106 et
585 2062 638 2107 me
653 2031 742 2132 capit
757 2031 874 2106 ultima
892 2032 1010 2123 tellus:
1072 2075 1075 2080 .
1125 2026 1127 2030 Α

170 2152 331 2224 Accedam
349 2148 496 2250 profugae
513 2147 638 2221 sarcina
655 2177 754 2248 parva
771 2147 846 2220 rati.

121 2271 170 2342 Te
184 2269 279 2368 jubet
295 2299 311 2340 e
328 2267 435 2367 patria
450 2265 616 2340 discedere
634 2263 770 2338 Caesaris
787 2263 833 2336 ira
847 2291 855 2350 ;
963 2308 966 2315 -

171 2387 228 2459 Me
248 2384 351 2484 pietas
369 2414 376 2456 :
396 2383 502 2485 pietas
518 2382 586 2456 haec
604 2380 685 2454 milri
705 2383 813 2456 Cesar
829 2378 901 2454 erit.

156 2600 195 2652 7⁰·
208 2582 367 2648 Amplectens
383 2580 508 2634 Meliores
517 2583 632 2649 Comple-
681 2578 789 2646 Troiae,
807 2594 890 2646 quum
912 2587 1066 2646 caperetur,
1084 2588 1158 2642 erat,
1176 2600 1190 2626 s

124 2670 199 2714 cieras.
214 2661 313 2714 Herus.
681 2656 850 2728 quisquishos
858 2675 947 2710 versus
955 2657 1068 2710 confixit.
1076 2658 1179 2712 Huius·

158 2743 195 2807 74.
213 2743 396 2802 Wsasuoesi,·
412 2738 599 2809 meoplurimi·
605 2748 633 2792 et
712 2739 753 2791 80.
773 2738 881 2789 Miscuit
899 2737 952 2787 hac
971 2738 1090 2806 lacrymis
1104 2740 1192 2788 trisit'a

125 2817 160 2869 ita
173 2816 199 2869 G
201 2817 273 2887 ryph.
288 2818 386 2890 Micyll.
397 2829 423 2871 et
435 2818 485 2871 alii.
680 2818 749 2867 dicta
756 2832 825 2867 mers
835 2814 893 2865 llus
901 2832 1018 2882 qumque
1029 2812 1134 2880 scripti,
1148 2832 1194 2866 re-

159 2898 197 2963 75.
209 2897 252 2947 Sic
265 2899 346 2948 doluit
357 2899 474 2948 Priamus
487 2906 534 2949 etc.
544 2897 634 2955 Sicdo·
681 2891 762 2953 clius;
777 2889 836 2942 vrde
848 2899 937 2955 notas,
951 2888 1032 2969 Epist.
1043 2889 1144 2956 XVll,
1156 2909 1193 2943 vs.

124 2973 635 3029 luitMeiiusComhianusetunusBo·
683 2956 1193 3040 252,p.326,v01.V111C011·-n0n

126 3049 260 3103 nantensis
268 3050 360 3118 ‚quod
372 3051 517 3121 Naugerius
529 3068 634 3131 quoque
683 3044 749 3098 nulli
759 3046 837 3098 etiam
847 3049 930 3098 verba

125 3127 230 3181 videtur
240 3127 381 3196 probasse
373 3147 399 3179 m
413 3128 491 3196 priori
485 3123 635 3193 editione,
717 3126 756 3178 81.
768 3127 850 3178 Srinul
856 3128 916 3179 hinc
926 3125 1100 3178 simulibimus
1111 3129 1194 3180 ambo.

126 3217 231 3262 secutus
240 3205 296 3259 illos
305 3206 349 3274 qui
362 3206 599 3275 leguntpraeterea‚
609 3210 638 3259 ιἰι
682 3207 795 3266 Ibimus,
808 3210 890 3273 inquii
900 3205 1016 3275 plerique
1029 3216 1147 3272 veteres,
1166 3215 1195 3259 et

126 3292 253 3343 contraria
265 3306 349 3339 versos
358 3305 440 3353 equos.
449 3282 478 3339 si
488 3286 520 3338 de
530 3286 637 3362 Priamo
684 3289 763 3337 simul
769 3287 803 3336 ab
812 3285 941 3340 nonnulli
953 3285 1044 3338 Scribo
1052 3295 1195 3354 praeterea,

127 3363 327 3434 intelligamus,
350 3362 440 3416 malim
464 3371 490 3417 in
512 3368 637 3416 contraries
685 3364 751 3416 Num
759 3367 937 3429 poiesarelli.
933 3364 948 3402 i*
960 3362 1018 3414 Val.
1027 3362 1095 3416 Flac
1104 3361 1146 3415 liv.
1154 3364 1195 3418 V:

127 3461 204 3494 uersa·
211 3440 434 3510 proditorislegr
448 3451 478 3495 ut
488 3440 520 3494 ad
533 3452 636 3512 raptum
685 3444 778 3514 Minya
792 3446 902 3497 clamore
913 3451 1050 3519 morantur,
1065 3443 1198 3532 Aureliique

130 3518 243 3572 Helenae
260 3515 373 3578 alludat;
390 3535 453 3569 nam
470 3530 541 3585 rapto
558 3529 596 3572 est
609 3518 637 3571 in
685 3542 717 3574 ne
715 3531 784 3591 garni
796 3523 900 3576 Hms.

128 3613 187 3646 uno
196 3593 293 3647 codice.
305 3592 359 3647 Sed
372 3594 532 3662 comparatio
545 3614 637 3664 parum
719 3603 759 3654 82.
774 3601 810 3652 Te
820 3615 926 3668 sepum
937 3607 1063 3667 etsepuar
1071 3596 1166 3652 Servii.

129 3670 293 3724 adremlarit
295 3673 640 3743 ,quocumquemodolegas
720 3677 759 3732 83.
774 3679 870 3732 Ultima
880 3679 961 3730 tellus.
972 3674 1093 3748 Scythica
1104 3685 1132 3729 et
1143 3695 1200 3769 sep·

130 3749 209 3802 Metti
228 3760 317 3803 autem
333 3750 429 3816 injecta
446 3751 547 3805 mentio
563 3751 639 3823 plane
688 3756 949 3826 temerionalisregio.
966 3754 1018 3809 Vel
1026 3753 1126 3825 potrus,
1137 3756 1199 3826 quia

130 3839 228 3896 prater
244 3848 301 3882 rem
314 3839 359 3882 est.
376 3827 468 3897 Quare
483 3839 569 3883 certus
580 3848 640 3884 sum
689 3835 757 3889 eoin
769 3833 827 3888 loco
840 3833 951 3888 Ovidius
964 3851 1060 3887 navem
1071 3851 1200 3886 conscen-

129 3904 568 3976 lrocdisticlronabillamanuesse‚
582 3908 643 3978 quae'
689 3912 735 3965 dit.
747 3911 865 3966 Crorrtrr.

131 3983 223 4053 saepius
237 3983 343 4053 adparet
359 4006 406 4057 per
419 3987 467 4040 hos
483 3985 576 4055 libros,
596 4007 641 4058 pa·
721 3991 761 4044 85.
775 3985 1206 4057 TejubeiapatriaAEpairdamul

131 4082 193 4116 rum
205 4066 376 4133 tempestiva,
390 4066 502 4122 habebat
513 4077 602 4120 autem
611 4068 641 4120 in
689 4068 717 4122 ti.
731 4064 830 4122 Hense.

129 4153 219 4199 mente
231 4145 446 4216 superioraista,
460 4166 475 4196 e
486 4146 554 4204 Hoc
564 4143 642 4203 facies
723 4145 763 4200 86.
781 4148 826 4202 Me
836 4150 923 4214 pietas
933 4164 942 4201 .·
954 4149 1047 4214 pietas.
1059 4141 1203 4198 Summam
