2624 4816
173 425 235 509 14⁶
438 382 962 492 no‘vrorrrtsonrs

490 714 889 802 ELEGIAXHI.
971 715 977 733 ⁸

503 1061 898 1129 ARGUMENTUM.

168 1225 263 1296 Quum
278 1223 370 1277 natalis
387 1233 471 1294 poetae
488 1223 607 1292 adesset,
626 1224 791 1294 superfluum
810 1224 890 1281 luisse
910 1225 989 1295 dicit,
1001 1228 1030 1283 in
1043 1249 1074 1285 ea
1084 1231 1141 1287 loe·
1154 1231 1281 1288 illum

199 1305 314 1371 venisse,
326 1306 371 1359 ubi
383 1325 438 1358 non
450 1307 510 1360 licet
522 1306 557 1359 illi
570 1326 601 1359 ex
613 1325 687 1359 more
698 1307 825 1362 solemnia
835 1327 907 1362 sacra
918 1308 1041 1366 exhibere
1050 1334 1059 1379 ;
1069 1324 1206 1384 monetque
1261 1357 1280 1383 7

200 1411 234 1444 ne
248 1391 356 1460 amplius
368 1390 473 1458 redeat,
488 1389 553 1443 dum
564 1390 615 1443 erit
624 1391 653 1443 in
667 1385 782 1463 Scythia.

167 1547 289 1651 ECCE
307 1601 543 1677 supervacuus,
564 1572 645 1674 quid
662 1574 747 1661 enim
764 1573 830 1647 fuit
845 1573 928 1650 utile
945 1576 1062 1674 gigni?

213 1690 267 1763 Ad
286 1718 344 1763 sua
359 1687 476 1763 natalis
491 1707 639 1789 tempora
654 1707 770 1763 noster
785 1689 900 1765 adest:

148 1806 276 1891 Dure,
295 1803 376 1904 quid
392 1802 435 1876 ad
450 1802 587 1876 miseros
604 1803 759 1879 veniebas
777 1804 899 1880 exsulis
916 1810 1046 1882 annos?

212 1921 385 1996 Debueras
403 1919 469 1993 illis
486 1919 682 2021 imposuisse
698 1921 845 1997 modum.

165 2038 202 2112 Si
217 2036 279 2109 tibi
295 2063 372 2108 cura
389 2034 470 2122 mei,
489 2031 539 2106 vel
557 2035 585 2107 si
601 2033 712 2135 pudor
726 2034 816 2112 ullus
833 2038 972 2128 inesset,

211 2153 289 2226 Non
305 2149 392 2225 ultra
409 2150 547 2252 patriam
565 2179 617 2223 me
633 2178 804 2251 sequerere
819 2181 944 2242 meam;
1034 2230 1037 2237 ,

165 2271 311 2370 Quoque
327 2267 401 2343 loco
418 2269 562 2369 primum
580 2267 643 2342 tibi
660 2297 733 2343 sum
750 2269 835 2344 male
851 2271 1005 2368 cognitus
1020 2273 1143 2363 infans,

212 2384 275 2461 lllo
293 2403 452 2460 tentasses
469 2383 606 2461 ultimus
623 2412 692 2461 esse
709 2385 800 2459 mibi.

162 2505 302 2604 Jamque
319 2499 554 2602 relinquenda,
572 2499 760 2601 quod'idem
778 2501 883 2576 secere
900 2501 1044 2594 sodales,

203 2620 264 2701 ,Tu
279 2646 413 2719 quoque
430 2616 568 2691 dixisses
586 2617 690 2691 tristis
705 2617 741 2689 in
756 2617 858 2705 urbe,
875 2617 955 2692 vale.
1158 2698 1162 2703 ,
1189 2632 1284 2691 ια’

161 2734 254 2834 Quid
272 2733 334 2807 tibi
348 2761 423 2806 cum
440 2733 572 2806 Ponto?
590 2760 670 2805 num
688 2750 721 2804 te
737 2761 869 2832 quoque
888 2735 1026 2810 cesaris
1042 2736 1091 2811 ira
1161 2788 1167 2795 .
1305 2732 1308 2738 '

60 2876 63 2883 ’
162 2850 165 2857 ’
210 2852 397 2924 Extremam
413 2847 513 2944 gelidi
529 2849 619 2923 misit
632 2849 667 2920 in
681 2847 771 2921 orbis
788 2847 953 2922 humum?

163 2965 295 3039 Scilicet
313 2984 481 3066 exspectes
499 2963 587 3039 soliti
607 2963 668 3036 tibi
685 2965 788 3038 moris
804 2963 983 3054 bonorem,

209 3079 356 3157 Pendeat
372 3110 411 3154 ex
428 3080 574 3155 humeris
590 3081 742 3155 vestient
757 3081 830 3154 alba
847 3079 950 3156 meis?

195 3264 217 3300 ι.
233 3247 369 3311 Quideaim
369 3242 428 3312 suit
432 3247 493 3298 utile
499 3247 578 3296 nasci.
587 3245 670 3311 Gt'gnr'
746 3261 770 3313 9.
787 3243 864 3309 Inque
878 3244 1043 3310 rehtrqnendo.
1061 3244 1216 3312 Bellaqrerss

161 3323 298 3388 meliores,
310 3322 359 3375 nisi
372 3320 443 3390 qnod
456 3321 532 3391 prim.
545 3319 665 3374 Politian.
712 3323 770 3373 dum
782 3321 858 3388 prim.
871 3321 946 3376 Polit.
957 3332 983 3374 et
994 3320 1048 3374 duo
1055 3320 1105 3375 alii.
1115 3322 1215 3376 Scribe:

161 3404 238 3472 prim.
252 3400 335 3454 Vatic.
347 3398 477 3454 etllledic.
488 3402 568 3451 nobis.
579 3399 615 3451 Η.
714 3421 727 3445 o
740 3398 854 3468 Jamque
867 3400 1040 3469 relinquenda
1050 3440 1057 3468 ,
1067 3400 1138 3470 quod
1149 3400 1216 3455 idem

192 3484 216 3535 3.
236 3483 342 3534 Macros
359 3482 455 3531 exsulis
472 3497 559 3531 anuos.
576 3480 669 3531 anseri
711 3475 798 3530 fecere
809 3476 926 3544 sodales,
941 3478 984 3531 Tu
998 3495 1104 3547 quoqne
1118 3478 1217 3534 dixisset

160 3558 354 3627 Rottendorpb.
367 3558 405 3609 H.
712 3553 791 3606 tristis
802 3555 831 3606 in
844 3555 924 3619 urbe,
937 3554 1021 3606 vale.»
1033 3555 1069 3606 H.

191 3641 216 3705 4.
226 3640 339 3690 Medum.
358 3636 470 3700 Finem,
482 3644 511 3687 ut
522 3653 648 3689 morerer.
748 3651 785 3683 ια.
798 3634 942 3684 Extremam
952 3633 1033 3698 gelidi
1040 3635 1111 3683 maist
1118 3636 1146 3684 r'rr
1153 3634 1218 3684 ortis

191 3719 216 3770 5.
225 3719 312 3770 Pudor
317 3718 384 3768 ullus
390 3716 498 3766 adesset.
506 3715 665 3783 Inessetple·
712 3713 818 3762 dumam.
834 3710 927 3761 Malim
941 3713 1028 3762 Getici
1035 3714 1110 3762 arbr‘s.
1123 3710 1160 3763 H.

159 3793 242 3862 rique.
257 3795 294 3846 H.
747 3788 784 3840 13.
797 3789 899 3840 Scilicet
911 3795 1043 3854 exspectas
1057 3790 1161 3841 solitum
1174 3789 1221 3842 titi

191 3890 214 3938 7.
228 3873 329 3939 Quoque
336 3874 392 3925 loco
397 3874 511 3938 parinum.
520 3868 662 3935 Sulmone,
697 3873 788 3929 ,moris
805 3871 928 3919 honorem.
946 3868 1025 3918 Solztr‘
1038 3865 1067 3919 in
1086 3865 1218 3920 nonnullis

158 3963 240 4013 quum
249 3947 363 4014 primum
370 3947 592 4002 necessat-Sum
600 3949 665 3998 male
712 3945 819 4014 scriptis.
833 3945 904 3998 Puto
919 3948 993 3996 solati
1002 3948 1069 3998 milri
1078 3950 1155 3999 maris
1168 3948 1218 3999 ho-

157 4027 277 4090 coffnitus.
294 4025 361 4078 Sum
376 4025 515 4079 infeliciter
526 4024 663 4094 cognitus,
712 4043 802 4078 norem.
815 4023 851 4076 Η.

157 4099 231 4151 malis
243 4110 271 4152 et
286 4101 437 4157 infortuniis
450 4103 537 4157 exsilii.
551 4105 665 4157 Creditus
747 4107 784 4170 14.
800 4106 884 4157 Vestis
896 4111 925 4157 ut
933 4106 1000 4156 alba.
1015 4102 1107 4172 Quam
1118 4103 1217 4158 indue-

159 4177 225 4233 cod.
241 4178 360 4236 strazze.
712 4181 791 4248 bant,
806 4182 850 4250 qui
862 4182 976 4234 natalem
987 4181 1161 4239 celebrabant.
