<?xml version="1.0" encoding="UTF-8"?>
<!DOCTYPE html PUBLIC "-//W3C//DTD XHTML 1.0 Transitional//EN"
    "http://www.w3.org/TR/xhtml1/DTD/xhtml1-transitional.dtd">
<html xmlns="http://www.w3.org/1999/xhtml" xml:lang="en" lang="en">
 <head>
  <title>
</title>
<meta http-equiv="Content-Type" content="text/html;charset=utf-8" />
  <meta name='ocr-system' content='tesseract 3.04.00' />
  <meta name='ocr-capabilities' content='ocr_page ocr_carea ocr_par ocr_line ocrx_word'/>
</head>
<body>
  <div class='ocr_page' id='page_1' title='image "bibliothecaclas31lemagoog_0444.png"; bbox 0 0 2624 4816; ppageno 0'>
   <div class='ocr_carea' id='block_1_1' title="bbox 257 413 1184 507">
    <p class='ocr_par' dir='ltr' id='par_1_1' title="bbox 257 413 1184 507">
     <span class='ocr_line' id='line_1_1' title="bbox 257 413 1184 507; baseline 0.008 -24"><span class='ocrx_word' id='word_1_1' title='bbox 257 416 327 483; x_wconf 87' lang='lat' dir='ltr'><strong>EX</strong></span> <span class='ocrx_word' id='word_1_2' title='bbox 351 413 530 485; x_wconf 87' lang='grc' dir='ltr'><strong>ΡΟΝΤΟ</strong></span> <span class='ocrx_word' id='word_1_3' title='bbox 552 415 648 484; x_wconf 87' lang='lat' dir='ltr'><strong>LIB.</strong></span> <span class='ocrx_word' id='word_1_4' title='bbox 675 418 744 485; x_wconf 88' lang='lat' dir='ltr'><strong>IV.</strong></span> <span class='ocrx_word' id='word_1_5' title='bbox 771 416 940 487; x_wconf 88' lang='lat' dir='ltr'><strong>EPIST.</strong></span> <span class='ocrx_word' id='word_1_6' title='bbox 967 421 1046 488; x_wconf 91' lang='lat'><strong>111.</strong></span> <span class='ocrx_word' id='word_1_7' title='bbox 1118 423 1184 507; x_wconf 77' lang='lat'><strong>425</strong></span> 
     </span>
    </p>
   </div>
   <div class='ocr_carea' id='block_1_2' title="bbox 115 553 1192 2391">
    <p class='ocr_par' dir='ltr' id='par_1_2' title="bbox 115 553 1192 2391">
     <span class='ocr_line' id='line_1_2' title="bbox 163 553 1001 658; baseline 0.005 -28"><span class='ocrx_word' id='word_1_8' title='bbox 163 558 250 630; x_wconf 84' lang='lat' dir='ltr'><strong>Nam</strong></span> <span class='ocrx_word' id='word_1_9' title='bbox 264 553 329 629; x_wconf 91' lang='lat' dir='ltr'><strong>nisi</strong></span> <span class='ocrx_word' id='word_1_10' title='bbox 345 553 432 651; x_wconf 88' lang='lat' dir='ltr'><strong>justa</strong></span> <span class='ocrx_word' id='word_1_11' title='bbox 449 571 584 642; x_wconf 86' lang='lat' dir='ltr'><strong>tuaest,</strong></span> <span class='ocrx_word' id='word_1_12' title='bbox 602 556 688 654; x_wconf 90' lang='lat' dir='ltr'><strong>justa</strong></span> <span class='ocrx_word' id='word_1_13' title='bbox 707 558 839 658; x_wconf 89' lang='lat' dir='ltr'><strong>querela</strong></span> <span class='ocrx_word' id='word_1_14' title='bbox 855 588 926 633; x_wconf 89' lang='lat' dir='ltr'><strong>mea</strong></span> <span class='ocrx_word' id='word_1_15' title='bbox 943 576 1001 635; x_wconf 89' lang='lat' dir='ltr'><strong>est.</strong></span> 
     </span>
     <span class='ocr_line' id='line_1_3' title="bbox 115 668 987 774; baseline 0.006 -30"><span class='ocrx_word' id='word_1_16' title='bbox 115 674 202 769; x_wconf 84' lang='lat' dir='ltr'><strong>Quae</strong></span> <span class='ocrx_word' id='word_1_17' title='bbox 223 689 254 745; x_wconf 88' lang='lat' dir='ltr'><strong>te</strong></span> <span class='ocrx_word' id='word_1_18' title='bbox 271 668 476 744; x_wconf 80' lang='lat' dir='ltr'><strong>consimilem</strong></span> <span class='ocrx_word' id='word_1_19' title='bbox 492 699 544 745; x_wconf 88' lang='lat' dir='ltr'><strong>res</strong></span> <span class='ocrx_word' id='word_1_20' title='bbox 561 700 651 745; x_wconf 91' lang='lat' dir='ltr'><strong>nunc</strong></span> <span class='ocrx_word' id='word_1_21' title='bbox 663 691 751 746; x_wconf 82' lang='lat' dir='ltr'><strong>vetat</strong></span> <span class='ocrx_word' id='word_1_22' title='bbox 769 702 839 748; x_wconf 90' lang='lat' dir='ltr'><strong>esse</strong></span> <span class='ocrx_word' id='word_1_23' title='bbox 855 674 987 774; x_wconf 84' lang='lat' dir='ltr'>priori?</span> 
     </span>
     <span class='ocr_line' id='line_1_4' title="bbox 165 787 951 886; baseline 0.005 -26"><span class='ocrx_word' id='word_1_24' title='bbox 165 788 220 860; x_wconf 78' lang='lat' dir='ltr'><strong>An</strong></span> <span class='ocrx_word' id='word_1_25' title='bbox 240 787 384 872; x_wconf 84' lang='lat' dir='ltr'><strong>crimen,</strong></span> <span class='ocrx_word' id='word_1_26' title='bbox 401 787 486 886; x_wconf 91' lang='lat' dir='ltr'><strong>coepi</strong></span> <span class='ocrx_word' id='word_1_27' title='bbox 504 787 595 886; x_wconf 91' lang='lat' dir='ltr'><strong>quod</strong></span> <span class='ocrx_word' id='word_1_28' title='bbox 612 788 711 861; x_wconf 91' lang='lat' dir='ltr'><strong>miser</strong></span> <span class='ocrx_word' id='word_1_29' title='bbox 726 817 813 878; x_wconf 89' lang='lat' dir='ltr'><strong>esse,</strong></span> <span class='ocrx_word' id='word_1_30' title='bbox 831 791 951 864; x_wconf 80' lang='lat' dir='ltr'><strong>vocas?</strong></span> 
     </span>
     <span class='ocr_line' id='line_1_5' title="bbox 116 901 1187 1004; baseline 0.004 -28"><span class='ocrx_word' id='word_1_31' title='bbox 116 902 153 976; x_wconf 87' lang='lat' dir='ltr'><strong>Si</strong></span> <span class='ocrx_word' id='word_1_32' title='bbox 171 901 254 974; x_wconf 91' lang='lat' dir='ltr'><strong>mihi</strong></span> <span class='ocrx_word' id='word_1_33' title='bbox 270 902 370 975; x_wconf 91' lang='lat' dir='ltr'><strong>rebus</strong></span> <span class='ocrx_word' id='word_1_34' title='bbox 388 930 484 1001; x_wconf 90' lang='lat' dir='ltr'><strong>opem</strong></span> <span class='ocrx_word' id='word_1_35' title='bbox 503 901 627 976; x_wconf 90' lang='lat' dir='ltr'><strong>nullam</strong></span> <span class='ocrx_word' id='word_1_36' title='bbox 644 905 804 1004; x_wconf 87' lang='lat' dir='ltr'><strong>factisque</strong></span> <span class='ocrx_word' id='word_1_37' title='bbox 819 906 963 997; x_wconf 86' lang='lat' dir='ltr'><strong>ferebas,</strong></span> <span class='ocrx_word' id='word_1_38' title='bbox 1155 929 1187 981; x_wconf 83' lang='lat'><strong>25</strong></span> 
     </span>
     <span class='ocr_line' id='line_1_6' title="bbox 167 1016 844 1096; baseline 0.007 -7"><span class='ocrx_word' id='word_1_39' title='bbox 167 1019 321 1091; x_wconf 84' lang='lat' dir='ltr'><strong>Venisset</strong></span> <span class='ocrx_word' id='word_1_40' title='bbox 337 1016 447 1090; x_wconf 91' lang='lat' dir='ltr'><strong>verbis</strong></span> <span class='ocrx_word' id='word_1_41' title='bbox 465 1017 577 1090; x_wconf 85' lang='lat' dir='ltr'><strong>charta</strong></span> <span class='ocrx_word' id='word_1_42' title='bbox 593 1037 708 1093; x_wconf 89' lang='lat' dir='ltr'><strong>notata</strong></span> <span class='ocrx_word' id='word_1_43' title='bbox 726 1022 844 1096; x_wconf 90' lang='lat' dir='ltr'><strong>tribus.</strong></span> 
     </span>
     <span class='ocr_line' id='line_1_7' title="bbox 115 1131 923 1234; baseline 0.005 -30"><span class='ocrx_word' id='word_1_44' title='bbox 115 1134 183 1206; x_wconf 83' lang='lat' dir='ltr'><strong>Vix</strong></span> <span class='ocrx_word' id='word_1_45' title='bbox 203 1131 356 1233; x_wconf 88' lang='lat' dir='ltr'><strong>equidem</strong></span> <span class='ocrx_word' id='word_1_46' title='bbox 373 1132 487 1218; x_wconf 92' lang='lat' dir='ltr'><strong>credo,</strong></span> <span class='ocrx_word' id='word_1_47' title='bbox 507 1131 612 1205; x_wconf 86' lang='lat' dir='ltr'><strong>sedet</strong></span> <span class='ocrx_word' id='word_1_48' title='bbox 630 1133 788 1209; x_wconf 90' lang='lat' dir='ltr'><strong>insultare</strong></span> <span class='ocrx_word' id='word_1_49' title='bbox 804 1136 923 1234; x_wconf 85' lang='lat' dir='ltr'><strong>jacenti</strong></span> 
     </span>
     <span class='ocr_line' id='line_1_8' title="bbox 166 1249 935 1349; baseline 0.003 -26"><span class='ocrx_word' id='word_1_50' title='bbox 166 1252 215 1323; x_wconf 89' lang='lat' dir='ltr'><strong>Te</strong></span> <span class='ocrx_word' id='word_1_51' title='bbox 231 1249 331 1336; x_wconf 89' lang='lat' dir='ltr'><strong>mibi,</strong></span> <span class='ocrx_word' id='word_1_52' title='bbox 349 1277 409 1321; x_wconf 87' lang='lat' dir='ltr'><strong>nec</strong></span> <span class='ocrx_word' id='word_1_53' title='bbox 424 1249 534 1322; x_wconf 84' lang='lat' dir='ltr'><strong>verbis</strong></span> <span class='ocrx_word' id='word_1_54' title='bbox 551 1277 703 1349; x_wconf 86' lang='lat' dir='ltr'><strong>parcere,</strong></span> <span class='ocrx_word' id='word_1_55' title='bbox 723 1253 807 1326; x_wconf 87' lang='lat' dir='ltr'><strong>fama</strong></span> <span class='ocrx_word' id='word_1_56' title='bbox 826 1253 935 1327; x_wconf 84' lang='lat' dir='ltr'><strong>refert.</strong></span> 
     </span>
     <span class='ocr_line' id='line_1_9' title="bbox 118 1365 1021 1465; baseline 0.003 -24"><span class='ocrx_word' id='word_1_57' title='bbox 118 1367 214 1465; x_wconf 85' lang='lat' dir='ltr'><strong>Quid</strong></span> <span class='ocrx_word' id='word_1_58' title='bbox 231 1367 328 1453; x_wconf 92' lang='lat' dir='ltr'><strong>facis,</strong></span> <span class='ocrx_word' id='word_1_59' title='bbox 348 1366 391 1440; x_wconf 88' lang='lat' dir='ltr'><strong>ah</strong></span> <span class='ocrx_word' id='word_1_60' title='bbox 408 1365 569 1440; x_wconf 84' lang='lat' dir='ltr'><strong>demens?</strong></span> <span class='ocrx_word' id='word_1_61' title='bbox 586 1396 662 1454; x_wconf 83' lang='lat' dir='ltr'><strong>cur,</strong></span> <span class='ocrx_word' id='word_1_62' title='bbox 682 1368 710 1441; x_wconf 86' lang='lat' dir='ltr'><strong>si</strong></span> <span class='ocrx_word' id='word_1_63' title='bbox 728 1369 860 1443; x_wconf 91' lang='lat' dir='ltr'><strong>fortuna</strong></span> <span class='ocrx_word' id='word_1_64' title='bbox 874 1370 1021 1459; x_wconf 86' lang='lat' dir='ltr'><strong>recedat,</strong></span> 
     </span>
     <span class='ocr_line' id='line_1_10' title="bbox 168 1479 1192 1582; baseline 0.003 -27"><span class='ocrx_word' id='word_1_65' title='bbox 168 1479 350 1574; x_wconf 77' lang='lat' dir='ltr'><strong>Naufragio</strong></span> <span class='ocrx_word' id='word_1_66' title='bbox 368 1479 526 1580; x_wconf 83' lang='lat' dir='ltr'><strong>lacrymas</strong></span> <span class='ocrx_word' id='word_1_67' title='bbox 540 1481 641 1582; x_wconf 85' lang='lat' dir='ltr'><strong>eripis</strong></span> <span class='ocrx_word' id='word_1_68' title='bbox 658 1483 729 1582; x_wconf 93' lang='lat' dir='ltr'><strong>ipse</strong></span> <span class='ocrx_word' id='word_1_69' title='bbox 745 1487 830 1558; x_wconf 85' lang='lat' dir='ltr'><strong>tuo?</strong></span> <span class='ocrx_word' id='word_1_70' title='bbox 1157 1509 1192 1560; x_wconf 78' lang='lat'><strong>30</strong></span> 
     </span>
     <span class='ocr_line' id='line_1_11' title="bbox 118 1596 1065 1699; baseline 0.001 -25"><span class='ocrx_word' id='word_1_71' title='bbox 118 1602 200 1674; x_wconf 80' lang='lat' dir='ltr'><strong>Hac</strong></span> <span class='ocrx_word' id='word_1_72' title='bbox 215 1600 286 1671; x_wconf 90' lang='lat' dir='ltr'><strong>Dea</strong></span> <span class='ocrx_word' id='word_1_73' title='bbox 301 1626 370 1670; x_wconf 92' lang='lat' dir='ltr'><strong>non</strong></span> <span class='ocrx_word' id='word_1_74' title='bbox 388 1596 516 1685; x_wconf 88' lang='lat' dir='ltr'><strong>stabili,</strong></span> <span class='ocrx_word' id='word_1_75' title='bbox 534 1626 632 1699; x_wconf 91' lang='lat' dir='ltr'><strong>quam</strong></span> <span class='ocrx_word' id='word_1_76' title='bbox 652 1598 696 1670; x_wconf 86' lang='lat' dir='ltr'><strong>sit</strong></span> <span class='ocrx_word' id='word_1_77' title='bbox 714 1597 808 1685; x_wconf 85' lang='lat' dir='ltr'><strong>levis,</strong></span> <span class='ocrx_word' id='word_1_78' title='bbox 828 1599 908 1673; x_wconf 89' lang='lat' dir='ltr'><strong>orbe</strong></span> <span class='ocrx_word' id='word_1_79' title='bbox 924 1600 1065 1690; x_wconf 90' lang='lat' dir='ltr'><strong>fatetur,</strong></span> 
     </span>
     <span class='ocr_line' id='line_1_12' title="bbox 171 1712 1041 1816; baseline 0.005 -30"><span class='ocrx_word' id='word_1_80' title='bbox 171 1715 282 1810; x_wconf 87' lang='lat' dir='ltr'><strong>Quem</strong></span> <span class='ocrx_word' id='word_1_81' title='bbox 300 1741 466 1787; x_wconf 90' lang='lat' dir='ltr'><strong>summum</strong></span> <span class='ocrx_word' id='word_1_82' title='bbox 484 1712 588 1786; x_wconf 92' lang='lat' dir='ltr'><strong>dubio</strong></span> <span class='ocrx_word' id='word_1_83' title='bbox 607 1713 670 1785; x_wconf 91' lang='lat' dir='ltr'><strong>sub</strong></span> <span class='ocrx_word' id='word_1_84' title='bbox 687 1714 771 1813; x_wconf 87' lang='lat' dir='ltr'><strong>pede</strong></span> <span class='ocrx_word' id='word_1_85' title='bbox 785 1743 914 1816; x_wconf 89' lang='lat' dir='ltr'><strong>semper</strong></span> <span class='ocrx_word' id='word_1_86' title='bbox 929 1717 1041 1792; x_wconf 90' lang='lat' dir='ltr'><strong>habet.</strong></span> 
     </span>
     <span class='ocr_line' id='line_1_13' title="bbox 120 1827 895 1928; baseline 0.001 -26"><span class='ocrx_word' id='word_1_87' title='bbox 120 1828 287 1926; x_wconf 85' lang='lat' dir='ltr'><strong>Quolibet</strong></span> <span class='ocrx_word' id='word_1_88' title='bbox 305 1846 354 1902; x_wconf 87' lang='lat' dir='ltr'><strong>est</strong></span> <span class='ocrx_word' id='word_1_89' title='bbox 373 1827 467 1915; x_wconf 88' lang='lat' dir='ltr'><strong>folio,</strong></span> <span class='ocrx_word' id='word_1_90' title='bbox 486 1830 602 1928; x_wconf 90' lang='lat' dir='ltr'><strong>quavis</strong></span> <span class='ocrx_word' id='word_1_91' title='bbox 619 1828 779 1902; x_wconf 85' lang='lat' dir='ltr'><strong>incertior</strong></span> <span class='ocrx_word' id='word_1_92' title='bbox 795 1858 895 1919; x_wconf 88' lang='lat' dir='ltr'><strong>aura,</strong></span> 
     </span>
     <span class='ocr_line' id='line_1_14' title="bbox 172 1943 875 2045; baseline 0.003 -28"><span class='ocrx_word' id='word_1_93' title='bbox 172 1946 237 2017; x_wconf 92' lang='lat' dir='ltr'><strong>Par</strong></span> <span class='ocrx_word' id='word_1_94' title='bbox 251 1943 301 2016; x_wconf 93' lang='lat' dir='ltr'><strong>illi</strong></span> <span class='ocrx_word' id='word_1_95' title='bbox 316 1943 448 2032; x_wconf 89' lang='lat' dir='ltr'><strong>levitas,</strong></span> <span class='ocrx_word' id='word_1_96' title='bbox 466 1945 637 2045; x_wconf 89' lang='lat' dir='ltr'><strong>improbe,</strong></span> <span class='ocrx_word' id='word_1_97' title='bbox 653 1944 725 2019; x_wconf 90' lang='lat' dir='ltr'><strong>sola</strong></span> <span class='ocrx_word' id='word_1_98' title='bbox 743 1964 799 2018; x_wconf 91' lang='lat' dir='ltr'><strong>tua</strong></span> <span class='ocrx_word' id='word_1_99' title='bbox 817 1964 875 2019; x_wconf 91' lang='lat' dir='ltr'><strong>est.</strong></span> 
     </span>
     <span class='ocr_line' id='line_1_15' title="bbox 122 2057 934 2160; baseline -0.004 -26"><span class='ocrx_word' id='word_1_100' title='bbox 122 2059 247 2134; x_wconf 91' lang='lat' dir='ltr'><strong>Omnia</strong></span> <span class='ocrx_word' id='word_1_101' title='bbox 264 2075 343 2130; x_wconf 91' lang='lat' dir='ltr'><strong>sunt</strong></span> <span class='ocrx_word' id='word_1_102' title='bbox 359 2057 533 2133; x_wconf 87' lang='lat' dir='ltr'><strong>hominum</strong></span> <span class='ocrx_word' id='word_1_103' title='bbox 552 2059 644 2133; x_wconf 90' lang='lat' dir='ltr'><strong>tenui</strong></span> <span class='ocrx_word' id='word_1_104' title='bbox 661 2059 836 2160; x_wconf 85' lang='lat' dir='ltr'><strong>pendentia</strong></span> <span class='ocrx_word' id='word_1_105' title='bbox 856 2057 934 2148; x_wconf 88' lang='lat' dir='ltr'><strong>filo,</strong></span> 
     </span>
     <span class='ocr_line' id='line_1_16' title="bbox 171 2174 842 2274; baseline -0.001 -26"><span class='ocrx_word' id='word_1_106' title='bbox 171 2178 218 2248; x_wconf 88' lang='lat' dir='ltr'><strong>Et</strong></span> <span class='ocrx_word' id='word_1_107' title='bbox 234 2174 347 2248; x_wconf 92' lang='lat' dir='ltr'><strong>subito</strong></span> <span class='ocrx_word' id='word_1_108' title='bbox 365 2203 458 2264; x_wconf 84' lang='lat' dir='ltr'><strong>casu,</strong></span> <span class='ocrx_word' id='word_1_109' title='bbox 477 2204 550 2274; x_wconf 88' lang='lat' dir='ltr'><strong>quae</strong></span> <span class='ocrx_word' id='word_1_110' title='bbox 565 2175 710 2261; x_wconf 87' lang='lat' dir='ltr'><strong>valuere,</strong></span> <span class='ocrx_word' id='word_1_111' title='bbox 729 2191 842 2247; x_wconf 89' lang='lat' dir='ltr'><strong>ruunt.</strong></span> 
     </span>
     <span class='ocr_line' id='line_1_17' title="bbox 123 2289 939 2391; baseline -0.002 -27"><span class='ocrx_word' id='word_1_112' title='bbox 123 2291 250 2364; x_wconf 88' lang='lat' dir='ltr'><strong>Divitis</strong></span> <span class='ocrx_word' id='word_1_113' title='bbox 265 2290 378 2364; x_wconf 91' lang='lat' dir='ltr'><strong>audita</strong></span> <span class='ocrx_word' id='word_1_114' title='bbox 396 2309 445 2364; x_wconf 90' lang='lat' dir='ltr'><strong>est</strong></span> <span class='ocrx_word' id='word_1_115' title='bbox 462 2291 514 2364; x_wconf 92' lang='lat' dir='ltr'><strong>cui</strong></span> <span class='ocrx_word' id='word_1_116' title='bbox 534 2319 603 2363; x_wconf 91' lang='lat' dir='ltr'><strong>non</strong></span> <span class='ocrx_word' id='word_1_117' title='bbox 621 2290 790 2391; x_wconf 91' lang='lat' dir='ltr'><strong>opulentia</strong></span> <span class='ocrx_word' id='word_1_118' title='bbox 807 2289 939 2363; x_wconf 78' lang='lat' dir='ltr'><strong>Croesi?</strong></span> 
     </span>
    </p>
   </div>
   <div class='ocr_carea' id='block_1_3' title="bbox 122 2452 1268 4252">
    <p class='ocr_par' dir='ltr' id='par_1_3' title="bbox 122 2452 1268 4252">
     <span class='ocr_line' id='line_1_18' title="bbox 123 2452 1192 2524; baseline -0.003 -12"><span class='ocrx_word' id='word_1_119' title='bbox 123 2458 247 2512; x_wconf 79' lang='lat' dir='ltr'><strong>bentibus</strong></span> <span class='ocrx_word' id='word_1_120' title='bbox 267 2458 422 2510; x_wconf 89' lang='lat' dir='ltr'><strong>Burmanuo</strong></span> <span class='ocrx_word' id='word_1_121' title='bbox 437 2468 465 2510; x_wconf 89' lang='lat' dir='ltr'><strong>et</strong></span> <span class='ocrx_word' id='word_1_122' title='bbox 487 2455 634 2523; x_wconf 88' lang='lat' dir='ltr'><strong>Oberlino‚</strong></span> <span class='ocrx_word' id='word_1_123' title='bbox 718 2457 758 2508; x_wconf 84' lang='lat'><strong>30.</strong></span> <span class='ocrx_word' id='word_1_124' title='bbox 775 2455 862 2521; x_wconf 79' lang='lat' dir='ltr'><strong>Eripis</strong></span> <span class='ocrx_word' id='word_1_125' title='bbox 873 2457 1006 2524; x_wconf 73' lang='lat' dir='ltr'><strong>lacrymas.</strong></span> <span class='ocrx_word' id='word_1_126' title='bbox 1020 2452 1106 2507; x_wconf 80' lang='lat' dir='ltr'><strong>Amici</strong></span> <span class='ocrx_word' id='word_1_127' title='bbox 1118 2455 1192 2509; x_wconf 88' lang='lat' dir='ltr'><strong>euim</strong></span> 
     </span>
     <span class='ocr_line' id='line_1_19' title="bbox 124 2530 1191 2606; baseline -0.003 -16"><span class='ocrx_word' id='word_1_128' title='bbox 124 2547 205 2606; x_wconf 90' lang='lat' dir='ltr'><strong>atque</strong></span> <span class='ocrx_word' id='word_1_129' title='bbox 218 2536 312 2589; x_wconf 80' lang='lat' dir='ltr'><strong>nostris</strong></span> <span class='ocrx_word' id='word_1_130' title='bbox 322 2535 461 2588; x_wconf 88' lang='lat' dir='ltr'><strong>codicibus.</strong></span> <span class='ocrx_word' id='word_1_131' title='bbox 683 2533 705 2586; x_wconf 81' lang='lat' dir='ltr'><strong>si</strong></span> <span class='ocrx_word' id='word_1_132' title='bbox 714 2532 829 2586; x_wconf 87' lang='lat' dir='ltr'><strong>viderint</strong></span> <span class='ocrx_word' id='word_1_133' title='bbox 842 2530 905 2600; x_wconf 91' lang='lat' dir='ltr'><strong>quid</strong></span> <span class='ocrx_word' id='word_1_134' title='bbox 918 2539 1010 2584; x_wconf 87' lang='lat' dir='ltr'><strong>contra</strong></span> <span class='ocrx_word' id='word_1_135' title='bbox 1025 2550 1069 2583; x_wconf 84' lang='lat' dir='ltr'><strong>me</strong></span> <span class='ocrx_word' id='word_1_136' title='bbox 1080 2531 1191 2600; x_wconf 84' lang='lat' dir='ltr'><strong>feceris,</strong></span> 
     </span>
     <span class='ocr_line' id='line_1_20' title="bbox 159 2609 1194 2680; baseline -0.001 -14"><span class='ocrx_word' id='word_1_137' title='bbox 159 2635 200 2667; x_wconf 82' lang='lat' dir='ltr'><strong>aa.</strong></span> <span class='ocrx_word' id='word_1_138' title='bbox 217 2615 280 2666; x_wconf 78' lang='lat' dir='ltr'><strong>Nisi</strong></span> <span class='ocrx_word' id='word_1_139' title='bbox 290 2613 366 2679; x_wconf 79' lang='lat' dir='ltr'><strong>justa</strong></span> <span class='ocrx_word' id='word_1_140' title='bbox 381 2621 483 2665; x_wconf 80' lang='lat' dir='ltr'><strong>tuaest.</strong></span> <span class='ocrx_word' id='word_1_141' title='bbox 496 2612 553 2665; x_wconf 90' lang='lat' dir='ltr'><strong>Nisi</strong></span> <span class='ocrx_word' id='word_1_142' title='bbox 570 2631 636 2680; x_wconf 86' lang='lat' dir='ltr'><strong>que·</strong></span> <span class='ocrx_word' id='word_1_143' title='bbox 684 2623 712 2665; x_wconf 89' lang='lat' dir='ltr'><strong>et</strong></span> <span class='ocrx_word' id='word_1_144' title='bbox 722 2609 927 2680; x_wconf 84' lang='lat' dir='ltr'><strong>quamsuerisin</strong></span> <span class='ocrx_word' id='word_1_145' title='bbox 936 2629 979 2662; x_wconf 87' lang='lat' dir='ltr'><strong>me</strong></span> <span class='ocrx_word' id='word_1_146' title='bbox 990 2609 1102 2664; x_wconf 81' lang='lat' dir='ltr'><strong>crudelia</strong></span> <span class='ocrx_word' id='word_1_147' title='bbox 1111 2611 1194 2666; x_wconf 86' lang='lat' dir='ltr'><strong>inhac</strong></span> 
     </span>
     <span class='ocr_line' id='line_1_21' title="bbox 123 2687 1197 2759; baseline 0 -15"><span class='ocrx_word' id='word_1_148' title='bbox 123 2689 181 2744; x_wconf 87' lang='lat' dir='ltr'><strong>rela</strong></span> <span class='ocrx_word' id='word_1_149' title='bbox 207 2701 253 2743; x_wconf 91' lang='lat' dir='ltr'><strong>tna</strong></span> <span class='ocrx_word' id='word_1_150' title='bbox 272 2690 393 2743; x_wconf 84' lang='lat' dir='ltr'><strong>habuerit</strong></span> <span class='ocrx_word' id='word_1_151' title='bbox 413 2691 509 2759; x_wconf 84' lang='lat' dir='ltr'><strong>justam</strong></span> <span class='ocrx_word' id='word_1_152' title='bbox 526 2709 632 2743; x_wconf 89' lang='lat' dir='ltr'><strong>mecum</strong></span> <span class='ocrx_word' id='word_1_153' title='bbox 684 2709 744 2744; x_wconf 86' lang='lat' dir='ltr'><strong>mea</strong></span> <span class='ocrx_word' id='word_1_154' title='bbox 762 2688 925 2754; x_wconf 82' lang='lat' dir='ltr'><strong>calamitate,</strong></span> <span class='ocrx_word' id='word_1_155' title='bbox 938 2687 1197 2756; x_wconf 87' lang='lat' dir='ltr'><strong>idemquoqueme-</strong></span> 
     </span>
     <span class='ocr_line' id='line_1_22' title="bbox 122 2765 955 2836; baseline -0.007 -14"><span class='ocrx_word' id='word_1_156' title='bbox 122 2769 635 2836; x_wconf 81' lang='lat' dir='ltr'><strong>succensendicausam.-Querelamea.</strong></span> <span class='ocrx_word' id='word_1_157' title='bbox 685 2767 781 2822; x_wconf 89' lang='lat' dir='ltr'><strong>cumin</strong></span> <span class='ocrx_word' id='word_1_158' title='bbox 789 2777 815 2820; x_wconf 90' lang='lat' dir='ltr'><strong>te</strong></span> <span class='ocrx_word' id='word_1_159' title='bbox 829 2765 955 2819; x_wconf 85' lang='lat' dir='ltr'><strong>efficient.</strong></span> 
     </span>
     <span class='ocr_line' id='line_1_23' title="bbox 124 2845 1268 2916; baseline 0.001 -16"><span class='ocrx_word' id='word_1_160' title='bbox 124 2846 350 2900; x_wconf 88' lang='lat' dir='ltr'><strong>Mealamentatio</strong></span> <span class='ocrx_word' id='word_1_161' title='bbox 359 2847 391 2899; x_wconf 93' lang='lat' dir='ltr'><strong>de</strong></span> <span class='ocrx_word' id='word_1_162' title='bbox 401 2857 426 2900; x_wconf 90' lang='lat' dir='ltr'><strong>te</strong></span> <span class='ocrx_word' id='word_1_163' title='bbox 435 2886 442 2914; x_wconf 92' lang='lat'><strong>,</strong></span> <span class='ocrx_word' id='word_1_164' title='bbox 452 2847 522 2915; x_wconf 88' lang='lat' dir='ltr'><strong>quod</strong></span> <span class='ocrx_word' id='word_1_165' title='bbox 532 2866 575 2900; x_wconf 87' lang='lat' dir='ltr'><strong>me</strong></span> <span class='ocrx_word' id='word_1_166' title='bbox 588 2846 637 2899; x_wconf 91' lang='lat' dir='ltr'><strong>de·</strong></span> <span class='ocrx_word' id='word_1_167' title='bbox 718 2847 759 2899; x_wconf 81' lang='lat'><strong>32.</strong></span> <span class='ocrx_word' id='word_1_168' title='bbox 779 2847 976 2910; x_wconf 81' lang='lat' dir='ltr'><strong>Quaesummum.</strong></span> <span class='ocrx_word' id='word_1_169' title='bbox 988 2845 1066 2910; x_wconf 82' lang='lat' dir='ltr'><strong>Quem</strong></span> <span class='ocrx_word' id='word_1_170' title='bbox 1077 2865 1193 2916; x_wconf 85' lang='lat' dir='ltr'><strong>repone;</strong></span> <span class='ocrx_word' id='word_1_171' title='bbox 1265 2866 1268 2883; x_wconf 83' lang='grc'><em>·</em></span> 
     </span>
     <span class='ocr_line' id='line_1_24' title="bbox 125 2924 1196 2994; baseline 0.001 -15"><span class='ocrx_word' id='word_1_172' title='bbox 125 2924 248 2981; x_wconf 74' lang='lat' dir='ltr'><strong>secueris.</strong></span> <span class='ocrx_word' id='word_1_173' title='bbox 685 2943 771 2992; x_wconf 85' lang='lat' dir='ltr'><strong>neque</strong></span> <span class='ocrx_word' id='word_1_174' title='bbox 783 2924 859 2977; x_wconf 87' lang='lat' dir='ltr'><strong>aliter</strong></span> <span class='ocrx_word' id='word_1_175' title='bbox 869 2924 1059 2994; x_wconf 78' lang='lat' dir='ltr'><strong>Fragmentum</strong></span> <span class='ocrx_word' id='word_1_176' title='bbox 1070 2925 1196 2980; x_wconf 84' lang='lat' dir='ltr'><strong>Boxhor-</strong></span> 
     </span>
     <span class='ocr_line' id='line_1_25' title="bbox 159 3002 858 3071; baseline -0.001 -16"><span class='ocrx_word' id='word_1_177' title='bbox 159 3005 200 3056; x_wconf 78' lang='lat'><strong>23.</strong></span> <span class='ocrx_word' id='word_1_178' title='bbox 221 3004 298 3071; x_wconf 76' lang='lat' dir='ltr'><strong>Quod</strong></span> <span class='ocrx_word' id='word_1_179' title='bbox 303 3011 328 3056; x_wconf 79' lang='lat' dir='ltr'><strong>le</strong></span> <span class='ocrx_word' id='word_1_180' title='bbox 338 3022 405 3055; x_wconf 80' lang='lat' dir='ltr'><strong>nunc</strong></span> <span class='ocrx_word' id='word_1_181' title='bbox 420 3008 512 3056; x_wconf 82' lang='lat' dir='ltr'><strong>crimen</strong></span> <span class='ocrx_word' id='word_1_182' title='bbox 523 3006 637 3056; x_wconf 75' lang='lat' dir='ltr'><strong>similent.</strong></span> <span class='ocrx_word' id='word_1_183' title='bbox 688 3003 808 3055; x_wconf 89' lang='lat' dir='ltr'><strong>niauum.</strong></span> <span class='ocrx_word' id='word_1_184' title='bbox 821 3002 858 3054; x_wconf 83' lang='lat' dir='ltr'><strong>H.</strong></span> 
     </span>
     <span class='ocr_line' id='line_1_26' title="bbox 127 3080 1197 3151; baseline 0.001 -16"><span class='ocrx_word' id='word_1_185' title='bbox 127 3080 207 3135; x_wconf 88' lang='lat' dir='ltr'><strong>Polit.</strong></span> <span class='ocrx_word' id='word_1_186' title='bbox 225 3081 383 3151; x_wconf 89' lang='lat' dir='ltr'><strong>plurimique</strong></span> <span class='ocrx_word' id='word_1_187' title='bbox 397 3081 440 3134; x_wconf 92' lang='lat' dir='ltr'><strong>alii</strong></span> <span class='ocrx_word' id='word_1_188' title='bbox 447 3100 478 3134; x_wconf 79' lang='lat' dir='ltr'><strong>ex</strong></span> <span class='ocrx_word' id='word_1_189' title='bbox 490 3080 638 3150; x_wconf 81' lang='lat' dir='ltr'><strong>castigatio·</strong></span> <span class='ocrx_word' id='word_1_190' title='bbox 719 3082 761 3133; x_wconf 84' lang='lat'><strong>35.</strong></span> <span class='ocrx_word' id='word_1_191' title='bbox 781 3083 874 3134; x_wconf 79' lang='lat' dir='ltr'><strong>Omm&#39;a</strong></span> <span class='ocrx_word' id='word_1_192' title='bbox 888 3089 949 3134; x_wconf 78' lang='lat' dir='ltr'><strong>sunt</strong></span> <span class='ocrx_word' id='word_1_193' title='bbox 959 3084 1093 3138; x_wconf 75' lang='lat' dir='ltr'><strong>dommum.</strong></span> <span class='ocrx_word' id='word_1_194' title='bbox 1105 3085 1197 3138; x_wconf 77' lang='lat' dir='ltr'><strong>Omina</strong></span> 
     </span>
     <span class='ocr_line' id='line_1_27' title="bbox 125 3158 1197 3230; baseline 0.005 -18"><span class='ocrx_word' id='word_1_195' title='bbox 125 3159 210 3225; x_wconf 84' lang='lat' dir='ltr'><strong>ribus,</strong></span> <span class='ocrx_word' id='word_1_196' title='bbox 219 3158 637 3228; x_wconf 62' lang='lat' dir='ltr'><strong>“Quaetecousimilemresnunc</strong></span> <span class='ocrx_word' id='word_1_197' title='bbox 690 3159 796 3228; x_wconf 87' lang='lat' dir='ltr'><strong>plurimi</strong></span> <span class='ocrx_word' id='word_1_198' title='bbox 804 3180 836 3213; x_wconf 83' lang='lat' dir='ltr'><strong>ex</strong></span> <span class='ocrx_word' id='word_1_199' title='bbox 845 3160 945 3230; x_wconf 79' lang='lat' dir='ltr'><strong>scriptis</strong></span> <span class='ocrx_word' id='word_1_200' title='bbox 955 3181 961 3214; x_wconf 93' lang='lat'>:</span> <span class='ocrx_word' id='word_1_201' title='bbox 971 3160 1009 3216; x_wconf 92' lang='lat' dir='ltr'><strong>nil</strong></span> <span class='ocrx_word' id='word_1_202' title='bbox 1023 3173 1104 3216; x_wconf 90' lang='lat' dir='ltr'><strong>muta.</strong></span> <span class='ocrx_word' id='word_1_203' title='bbox 1118 3165 1154 3217; x_wconf 88' lang='lat' dir='ltr'><strong>H.</strong></span> <span class='ocrx_word' id='word_1_204' title='bbox 1163 3189 1197 3205; x_wconf 91' lang='lat'><strong>-·</strong></span> 
     </span>
     <span class='ocr_line' id='line_1_28' title="bbox 125 3236 1195 3308; baseline 0.005 -20"><span class='ocrx_word' id='word_1_205' title='bbox 125 3246 200 3290; x_wconf 83' lang='lat' dir='ltr'><strong>vetat</strong></span> <span class='ocrx_word' id='word_1_206' title='bbox 211 3254 266 3289; x_wconf 80' lang='lat' dir='ltr'><strong>esse</strong></span> <span class='ocrx_word' id='word_1_207' title='bbox 278 3236 375 3305; x_wconf 64' lang='lat' dir='ltr'><strong>priori,</strong></span> <span class='ocrx_word' id='word_1_208' title='bbox 394 3258 408 3284; x_wconf 84' lang='lat'><strong>»</strong></span> <span class='ocrx_word' id='word_1_209' title='bbox 421 3247 509 3300; x_wconf 80' lang='lat' dir='ltr'><strong>recte3</strong></span> <span class='ocrx_word' id='word_1_210' title='bbox 524 3247 638 3290; x_wconf 90' lang='lat' dir='ltr'><strong>utuntur</strong></span> <span class='ocrx_word' id='word_1_211' title='bbox 692 3239 830 3308; x_wconf 79' lang='lat' dir='ltr'><strong>Terruifilo.</strong></span> <span class='ocrx_word' id='word_1_212' title='bbox 846 3238 935 3291; x_wconf 89' lang='lat' dir='ltr'><strong>Tenui</strong></span> <span class='ocrx_word' id='word_1_213' title='bbox 946 3239 1092 3293; x_wconf 88' lang='lat' dir='ltr'><strong>retinaculo</strong></span> <span class='ocrx_word' id='word_1_214' title='bbox 1105 3250 1132 3293; x_wconf 88' lang='lat' dir='ltr'><strong>et</strong></span> <span class='ocrx_word' id='word_1_215' title='bbox 1143 3240 1195 3293; x_wconf 86' lang='lat' dir='ltr'><strong>fir-</strong></span> 
     </span>
     <span class='ocr_line' id='line_1_29' title="bbox 125 3314 1196 3386; baseline 0.004 -18"><span class='ocrx_word' id='word_1_216' title='bbox 125 3334 160 3368; x_wconf 87' lang='lat' dir='ltr'><strong>ea</strong></span> <span class='ocrx_word' id='word_1_217' title='bbox 178 3333 241 3368; x_wconf 86' lang='lat' dir='ltr'><strong>voce</strong></span> <span class='ocrx_word' id='word_1_218' title='bbox 253 3314 347 3383; x_wconf 78' lang='lat' dir='ltr'><strong>passim</strong></span> <span class='ocrx_word' id='word_1_219' title='bbox 365 3314 519 3381; x_wconf 86' lang='lat' dir='ltr'><strong>Lucretius,</strong></span> <span class='ocrx_word' id='word_1_220' title='bbox 533 3315 639 3367; x_wconf 89' lang='lat' dir='ltr'><strong>Teren·</strong></span> <span class='ocrx_word' id='word_1_221' title='bbox 687 3327 831 3369; x_wconf 88' lang='lat' dir='ltr'><strong>mamento.</strong></span> <span class='ocrx_word' id='word_1_222' title='bbox 841 3315 956 3370; x_wconf 87' lang='lat' dir='ltr'><strong>Videtur</strong></span> <span class='ocrx_word' id='word_1_223' title='bbox 963 3329 1052 3373; x_wconf 85' lang='lat' dir='ltr'><strong>autem</strong></span> <span class='ocrx_word' id='word_1_224' title='bbox 1059 3317 1196 3386; x_wconf 75' lang='lat' dir='ltr'><strong>poetahaec</strong></span> 
     </span>
     <span class='ocr_line' id='line_1_30' title="bbox 126 3393 1192 3468; baseline 0.001 -20"><span class='ocrx_word' id='word_1_225' title='bbox 126 3395 195 3460; x_wconf 76' lang='lat' dir='ltr'><strong>tius,</strong></span> <span class='ocrx_word' id='word_1_226' title='bbox 214 3414 243 3448; x_wconf 89' lang='lat' dir='ltr'><strong>ac</strong></span> <span class='ocrx_word' id='word_1_227' title='bbox 256 3393 367 3459; x_wconf 83' lang='lat' dir='ltr'><strong>Cicero;</strong></span> <span class='ocrx_word' id='word_1_228' title='bbox 388 3396 498 3461; x_wconf 79' lang='lat' dir='ltr'><strong>Noster,</strong></span> <span class='ocrx_word' id='word_1_229' title='bbox 520 3394 564 3447; x_wconf 91' lang='lat' dir='ltr'><strong>lib.</strong></span> <span class='ocrx_word' id='word_1_230' title='bbox 576 3395 637 3459; x_wconf 87' lang='lat'><strong>111,</strong></span> <span class='ocrx_word' id='word_1_231' title='bbox 687 3395 720 3448; x_wconf 89' lang='lat' dir='ltr'><strong>de</strong></span> <span class='ocrx_word' id='word_1_232' title='bbox 732 3395 853 3468; x_wconf 84' lang='lat' dir='ltr'><strong>Dionysii</strong></span> <span class='ocrx_word' id='word_1_233' title='bbox 864 3395 972 3450; x_wconf 86' lang='lat' dir='ltr'><strong>historia</strong></span> <span class='ocrx_word' id='word_1_234' title='bbox 985 3398 1105 3460; x_wconf 79' lang='lat' dir='ltr'><strong>traxisse,</strong></span> <span class='ocrx_word' id='word_1_235' title='bbox 1119 3407 1147 3449; x_wconf 89' lang='lat' dir='ltr'><strong>et</strong></span> <span class='ocrx_word' id='word_1_236' title='bbox 1160 3397 1192 3449; x_wconf 87' lang='lat' dir='ltr'><strong>ad</strong></span> 
     </span>
     <span class='ocr_line' id='line_1_31' title="bbox 127 3471 1194 3544; baseline -0.001 -17"><span class='ocrx_word' id='word_1_237' title='bbox 127 3471 204 3539; x_wconf 61' lang='lat' dir='ltr'><strong>Eleu.</strong></span> <span class='ocrx_word' id='word_1_238' title='bbox 221 3488 263 3526; x_wconf 80' lang='lat' dir='ltr'><strong>vn</strong></span> <span class='ocrx_word' id='word_1_239' title='bbox 272 3511 279 3538; x_wconf 90' lang='lat'><strong>,</strong></span> <span class='ocrx_word' id='word_1_240' title='bbox 289 3492 326 3525; x_wconf 81' lang='lat' dir='ltr'><strong>va.</strong></span> <span class='ocrx_word' id='word_1_241' title='bbox 338 3473 353 3524; x_wconf 83' lang='lat'>3</span> <span class='ocrx_word' id='word_1_242' title='bbox 364 3491 370 3524; x_wconf 92' lang='lat'>:</span> <span class='ocrx_word' id='word_1_243' title='bbox 383 3495 395 3518; x_wconf 73' lang='grc' dir='ltr'><strong>ι(</strong></span> <span class='ocrx_word' id='word_1_244' title='bbox 406 3472 496 3525; x_wconf 86' lang='lat' dir='ltr'><strong>Taedia</strong></span> <span class='ocrx_word' id='word_1_245' title='bbox 511 3472 639 3525; x_wconf 87' lang='lat' dir='ltr'><strong>consimili</strong></span> <span class='ocrx_word' id='word_1_246' title='bbox 687 3492 746 3525; x_wconf 91' lang='lat' dir='ltr'><strong>eam</strong></span> <span class='ocrx_word' id='word_1_247' title='bbox 761 3473 900 3538; x_wconf 88' lang='lat' dir='ltr'><strong>adludere;</strong></span> <span class='ocrx_word' id='word_1_248' title='bbox 912 3495 992 3544; x_wconf 87' lang='lat' dir='ltr'><strong>quam</strong></span> <span class='ocrx_word' id='word_1_249' title='bbox 1004 3474 1194 3544; x_wconf 72' lang='lat' dir='ltr'><strong>elegantissime</strong></span> 
     </span>
     <span class='ocr_line' id='line_1_32' title="bbox 127 3548 1196 3623; baseline 0 -20"><span class='ocrx_word' id='word_1_250' title='bbox 127 3550 190 3604; x_wconf 83' lang='lat' dir='ltr'><strong>fieri</strong></span> <span class='ocrx_word' id='word_1_251' title='bbox 201 3549 234 3602; x_wconf 89' lang='lat' dir='ltr'><strong>de</strong></span> <span class='ocrx_word' id='word_1_252' title='bbox 246 3548 364 3603; x_wconf 87' lang='lat' dir='ltr'><strong>carmine</strong></span> <span class='ocrx_word' id='word_1_253' title='bbox 373 3550 453 3603; x_wconf 85' lang='lat' dir='ltr'><strong>vobis.</strong></span> <span class='ocrx_word' id='word_1_254' title='bbox 462 3572 475 3597; x_wconf 87' lang='lat'>»</span> <span class='ocrx_word' id='word_1_255' title='bbox 488 3552 524 3605; x_wconf 91' lang='lat' dir='ltr'><strong>H.</strong></span> <span class='ocrx_word' id='word_1_256' title='bbox 688 3549 784 3604; x_wconf 88' lang='lat' dir='ltr'><strong>Cicero</strong></span> <span class='ocrx_word' id='word_1_257' title='bbox 792 3551 875 3607; x_wconf 85' lang='lat' dir='ltr'><strong>refert</strong></span> <span class='ocrx_word' id='word_1_258' title='bbox 886 3554 913 3606; x_wconf 92' lang='lat' dir='ltr'><strong>in</strong></span> <span class='ocrx_word' id='word_1_259' title='bbox 928 3555 1022 3623; x_wconf 87' lang='lat' dir='ltr'><strong>quinto</strong></span> <span class='ocrx_word' id='word_1_260' title='bbox 1033 3552 1196 3607; x_wconf 76' lang='lat' dir='ltr'><strong>Tusculana-</strong></span> 
     </span>
     <span class='ocr_line' id='line_1_33' title="bbox 163 3616 1196 3706; baseline 0.003 -26"><span class='ocrx_word' id='word_1_261' title='bbox 163 3627 205 3680; x_wconf 78' lang='lat'><strong>26.</strong></span> <span class='ocrx_word' id='word_1_262' title='bbox 232 3631 440 3681; x_wconf 78' lang='lat' dir='ltr'><strong>Venissetverbr&#39;s</strong></span> <span class='ocrx_word' id='word_1_263' title='bbox 457 3632 548 3682; x_wconf 78' lang='lat' dir='ltr'><strong>charta</strong></span> <span class='ocrx_word' id='word_1_264' title='bbox 559 3637 639 3682; x_wconf 78' lang='lat' dir='ltr'><strong>nota·</strong></span> <span class='ocrx_word' id='word_1_265' title='bbox 687 3648 747 3682; x_wconf 89' lang='lat' dir='ltr'><strong>rum</strong></span> <span class='ocrx_word' id='word_1_266' title='bbox 763 3632 937 3700; x_wconf 79' lang='lat' dir='ltr'><strong>quaestionum</strong></span> <span class='ocrx_word' id='word_1_267' title='bbox 950 3632 1024 3684; x_wconf 85' lang='lat' dir='ltr'><strong>libro.</strong></span> <span class='ocrx_word' id='word_1_268' title='bbox 1040 3616 1155 3706; x_wconf 75' lang='lat' dir='ltr'><strong>tlprtetoee</strong></span> <span class='ocrx_word' id='word_1_269' title='bbox 1174 3634 1196 3685; x_wconf 75' lang='grc' dir='ltr'><strong>ἓν</strong></span> 
     </span>
     <span class='ocr_line' id='line_1_34' title="bbox 128 3705 1196 3778; baseline 0 -18"><span class='ocrx_word' id='word_1_270' title='bbox 128 3717 166 3760; x_wconf 79' lang='lat' dir='ltr'><strong>ta.</strong></span> <span class='ocrx_word' id='word_1_271' title='bbox 175 3705 275 3760; x_wconf 86' lang='lat' dir='ltr'><strong>Saltem</strong></span> <span class='ocrx_word' id='word_1_272' title='bbox 285 3706 492 3760; x_wconf 82' lang='lat' dir='ltr'><strong>verbaetliteras</strong></span> <span class='ocrx_word' id='word_1_273' title='bbox 500 3705 532 3760; x_wconf 90' lang='lat' dir='ltr'><strong>ad</strong></span> <span class='ocrx_word' id='word_1_274' title='bbox 541 3726 584 3760; x_wconf 90' lang='lat' dir='ltr'><strong>me</strong></span> <span class='ocrx_word' id='word_1_275' title='bbox 595 3707 640 3759; x_wconf 90' lang='lat' dir='ltr'><strong>mi·</strong></span> <span class='ocrx_word' id='word_1_276' title='bbox 688 3716 772 3763; x_wconf 67' lang='grc' dir='ltr'><strong>λεκτῶν</strong></span> <span class='ocrx_word' id='word_1_277' title='bbox 780 3712 901 3778; x_wconf 74' lang='grc' dir='ltr'><strong>νημάτων,</strong></span> <span class='ocrx_word' id='word_1_278' title='bbox 913 3709 1018 3763; x_wconf 89' lang='lat' dir='ltr'><strong>Lucian.</strong></span> <span class='ocrx_word' id='word_1_279' title='bbox 1033 3708 1100 3760; x_wconf 87' lang='lat' dir='ltr'><strong>Dial.</strong></span> <span class='ocrx_word' id='word_1_280' title='bbox 1114 3707 1196 3769; x_wconf 83' lang='lat' dir='ltr'><strong>Con-</strong></span> 
     </span>
     <span class='ocr_line' id='line_1_35' title="bbox 129 3783 1194 3854; baseline 0.002 -16"><span class='ocrx_word' id='word_1_281' title='bbox 129 3783 214 3838; x_wconf 83' lang='lat' dir='ltr'><strong>sisses.</strong></span> <span class='ocrx_word' id='word_1_282' title='bbox 688 3786 857 3854; x_wconf 66' lang='lat' dir='ltr'><strong>templ-antes,</strong></span> <span class='ocrx_word' id='word_1_283' title='bbox 880 3786 933 3839; x_wconf 84' lang='lat' dir='ltr'><strong>sive</strong></span> <span class='ocrx_word' id='word_1_284' title='bbox 955 3784 1073 3839; x_wconf 87' lang='lat' dir='ltr'><strong>Charon.</strong></span> <span class='ocrx_word' id='word_1_285' title='bbox 1089 3785 1194 3840; x_wconf 84' lang='lat' dir='ltr'><strong>Lucret.</strong></span> 
     </span>
     <span class='ocr_line' id='line_1_36' title="bbox 165 3862 1193 3934; baseline 0.008 -20"><span class='ocrx_word' id='word_1_286' title='bbox 165 3882 206 3934; x_wconf 80' lang='lat'><strong>²9·</strong></span> <span class='ocrx_word' id='word_1_287' title='bbox 223 3862 364 3929; x_wconf 80' lang='lat' dir='ltr'><strong>Sisorturra</strong></span> <span class='ocrx_word' id='word_1_288' title='bbox 371 3868 478 3918; x_wconf 78' lang='lat' dir='ltr'><strong>recedat.</strong></span> <span class='ocrx_word' id='word_1_289' title='bbox 491 3865 520 3919; x_wconf 87' lang='lat' dir='ltr'><strong>Si</strong></span> <span class='ocrx_word' id='word_1_290' title='bbox 531 3865 640 3918; x_wconf 83' lang='lat' dir='ltr'><strong>fortuna</strong></span> <span class='ocrx_word' id='word_1_291' title='bbox 687 3864 776 3933; x_wconf 91' lang='lat' dir='ltr'><strong>lib.Il,</strong></span> <span class='ocrx_word' id='word_1_292' title='bbox 786 3868 834 3921; x_wconf 87' lang='lat' dir='ltr'><strong>sub</strong></span> <span class='ocrx_word' id='word_1_293' title='bbox 841 3867 887 3920; x_wconf 84' lang='lat' dir='ltr'><strong>fin.</strong></span> <span class='ocrx_word' id='word_1_294' title='bbox 893 3866 963 3934; x_wconf 87' lang='lat' dir='ltr'><strong>apud</strong></span> <span class='ocrx_word' id='word_1_295' title='bbox 970 3865 1087 3920; x_wconf 89' lang='lat' dir='ltr'><strong>Gellium</strong></span> <span class='ocrx_word' id='word_1_296' title='bbox 1097 3907 1104 3930; x_wconf 86' lang='lat'><strong>,</strong></span> <span class='ocrx_word' id='word_1_297' title='bbox 1113 3867 1193 3933; x_wconf 85' lang='lat' dir='ltr'><strong>xlll,</strong></span> 
     </span>
     <span class='ocr_line' id='line_1_37' title="bbox 130 3943 1195 4014; baseline 0.004 -18"><span class='ocrx_word' id='word_1_298' title='bbox 130 3952 178 3997; x_wconf 89' lang='lat' dir='ltr'><strong>tua</strong></span> <span class='ocrx_word' id='word_1_299' title='bbox 192 3943 308 3996; x_wconf 88' lang='lat' dir='ltr'><strong>secunda</strong></span> <span class='ocrx_word' id='word_1_300' title='bbox 323 3955 349 3997; x_wconf 86' lang='lat' dir='ltr'><strong>te</strong></span> <span class='ocrx_word' id='word_1_301' title='bbox 364 3963 467 4014; x_wconf 90' lang='lat' dir='ltr'><strong>quoque</strong></span> <span class='ocrx_word' id='word_1_302' title='bbox 481 3943 595 4004; x_wconf 85' lang='lat' dir='ltr'><strong>deserat,</strong></span> <span class='ocrx_word' id='word_1_303' title='bbox 611 3955 640 3997; x_wconf 92' lang='lat' dir='ltr'><strong>nt</strong></span> <span class='ocrx_word' id='word_1_304' title='bbox 690 3965 729 3999; x_wconf 85' lang='lat' dir='ltr'><strong>ao.</strong></span> <span class='ocrx_word' id='word_1_305' title='bbox 746 3969 759 3993; x_wconf 73' lang='grc' dir='ltr'><strong>ι(</strong></span> <span class='ocrx_word' id='word_1_306' title='bbox 776 3947 864 4000; x_wconf 78' lang='lat' dir='ltr'><strong>Aurea</strong></span> <span class='ocrx_word' id='word_1_307' title='bbox 885 3946 918 3999; x_wconf 91' lang='lat' dir='ltr'><strong>de</strong></span> <span class='ocrx_word' id='word_1_308' title='bbox 932 3947 994 4000; x_wconf 81' lang='lat' dir='ltr'><strong>caelo</strong></span> <span class='ocrx_word' id='word_1_309' title='bbox 1010 3945 1108 4000; x_wconf 82' lang='lat' dir='ltr'><strong>dimisit</strong></span> <span class='ocrx_word' id='word_1_310' title='bbox 1126 3946 1195 4000; x_wconf 86' lang='lat' dir='ltr'><strong>funis</strong></span> 
     </span>
     <span class='ocr_line' id='line_1_38' title="bbox 130 4021 1195 4093; baseline 0.004 -20"><span class='ocrx_word' id='word_1_311' title='bbox 130 4040 176 4073; x_wconf 90' lang='lat' dir='ltr'><strong>me</strong></span> <span class='ocrx_word' id='word_1_312' title='bbox 191 4021 565 4091; x_wconf 64' lang='lat' dir='ltr'><strong>deseruit-Naufragium.</strong></span> <span class='ocrx_word' id='word_1_313' title='bbox 580 4022 640 4076; x_wconf 91' lang='lat' dir='ltr'><strong>Tuo</strong></span> <span class='ocrx_word' id='word_1_314' title='bbox 688 4023 717 4078; x_wconf 87' lang='lat' dir='ltr'><strong>in</strong></span> <span class='ocrx_word' id='word_1_315' title='bbox 728 4044 796 4078; x_wconf 85' lang='lat' dir='ltr'><strong>arva.</strong></span> <span class='ocrx_word' id='word_1_316' title='bbox 816 4047 830 4072; x_wconf 93' lang='lat'>»</span> <span class='ocrx_word' id='word_1_317' title='bbox 851 4024 923 4077; x_wconf 89' lang='lat' dir='ltr'><strong>Eun.</strong></span> <span class='ocrx_word' id='word_1_318' title='bbox 943 4024 1010 4093; x_wconf 89' lang='lat' dir='ltr'><strong>apud</strong></span> <span class='ocrx_word' id='word_1_319' title='bbox 1031 4025 1150 4079; x_wconf 88' lang='lat' dir='ltr'><strong>Macrob.</strong></span> <span class='ocrx_word' id='word_1_320' title='bbox 1168 4025 1195 4092; x_wconf 90' lang='lat' dir='ltr'><strong>l,</strong></span> 
     </span>
     <span class='ocr_line' id='line_1_39' title="bbox 132 4101 1197 4174; baseline 0.003 -19"><span class='ocrx_word' id='word_1_321' title='bbox 132 4101 221 4171; x_wconf 84' lang='lat' dir='ltr'><strong>aliquo</strong></span> <span class='ocrx_word' id='word_1_322' title='bbox 234 4101 399 4170; x_wconf 83' lang='lat' dir='ltr'><strong>infortunio,</strong></span> <span class='ocrx_word' id='word_1_323' title='bbox 415 4104 487 4173; x_wconf 94' lang='lat' dir='ltr'><strong>quod</strong></span> <span class='ocrx_word' id='word_1_324' title='bbox 496 4102 544 4157; x_wconf 92' lang='lat' dir='ltr'><strong>tibi</strong></span> <span class='ocrx_word' id='word_1_325' title='bbox 556 4113 641 4173; x_wconf 81' lang='lat' dir='ltr'><strong>potest</strong></span> <span class='ocrx_word' id='word_1_326' title='bbox 688 4123 720 4174; x_wconf 80' lang='lat'><strong>9,</strong></span> <span class='ocrx_word' id='word_1_327' title='bbox 736 4124 749 4149; x_wconf 90' lang='grc'><strong>«</strong></span> <span class='ocrx_word' id='word_1_328' title='bbox 759 4102 817 4156; x_wconf 88' lang='lat' dir='ltr'><strong>Hac</strong></span> <span class='ocrx_word' id='word_1_329' title='bbox 829 4113 911 4155; x_wconf 90' lang='lat' dir='ltr'><strong>noctu</strong></span> <span class='ocrx_word' id='word_1_330' title='bbox 922 4101 968 4156; x_wconf 90' lang='lat' dir='ltr'><strong>filo</strong></span> <span class='ocrx_word' id='word_1_331' title='bbox 979 4102 1111 4172; x_wconf 86' lang='lat' dir='ltr'><strong>pendebat</strong></span> <span class='ocrx_word' id='word_1_332' title='bbox 1119 4105 1197 4158; x_wconf 80' lang='lat' dir='ltr'><strong>Eun·</strong></span> 
     </span>
     <span class='ocr_line' id='line_1_40' title="bbox 133 4179 1131 4252; baseline 0.001 -20"><span class='ocrx_word' id='word_1_333' title='bbox 133 4179 296 4248; x_wconf 84' lang='lat' dir='ltr'><strong>contingere.</strong></span> <span class='ocrx_word' id='word_1_334' title='bbox 688 4179 727 4231; x_wconf 86' lang='lat' dir='ltr'><strong>ria</strong></span> <span class='ocrx_word' id='word_1_335' title='bbox 734 4188 795 4231; x_wconf 89' lang='lat' dir='ltr'><strong>tota.</strong></span> <span class='ocrx_word' id='word_1_336' title='bbox 807 4200 820 4225; x_wconf 72' lang='lat' dir='ltr'><strong>a</strong></span> <span class='ocrx_word' id='word_1_337' title='bbox 832 4179 902 4234; x_wconf 84' lang='lat' dir='ltr'><strong>Vide</strong></span> <span class='ocrx_word' id='word_1_338' title='bbox 911 4180 1018 4235; x_wconf 89' lang='lat' dir='ltr'><strong>Colum.</strong></span> <span class='ocrx_word' id='word_1_339' title='bbox 1026 4201 1083 4252; x_wconf 79' lang='lat' dir='ltr'><strong>pag.</strong></span> <span class='ocrx_word' id='word_1_340' title='bbox 1091 4186 1131 4236; x_wconf 82' lang='lat'><strong>55.</strong></span> 
     </span>
    </p>
   </div>
   <div class='ocr_carea' id='block_1_4' title="bbox 0 0 1333 4816">
    <p class='ocr_par' dir='ltr' id='par_1_4' title="bbox 0 0 1333 4816">
     <span class='ocr_line' id='line_1_41' title="bbox 0 0 1333 4816; baseline 0 0"><span class='ocrx_word' id='word_1_341' title='bbox 0 0 1333 4816; x_wconf 95' lang='lat' dir='ltr'><strong> </strong></span> 
     </span>
    </p>
   </div>
  </div>
 </body>
</html>
