2624 4816
250 424 318 491 EX
340 416 520 488 PONTO
542 419 639 488 LIB.
665 418 694 486 Ι.
720 416 886 488 EPIST.
912 422 987 490 111,
1071 466 1075 472 -

139 565 329 664 Vastaque,
346 590 419 662 quae
432 589 529 634 nemo
543 560 708 647 vindicet,
726 588 801 634 arva
814 560 931 660 jacent.

99 681 212 755 Hostis
228 678 339 765 adest,
357 675 472 750 dextra
487 673 630 776 levaque
647 704 666 749 a
681 694 774 776 parte
792 676 974 766 timendum

141 795 329 893 Vicinoque
346 809 437 866 melu
453 808 553 864 terret
567 808 745 892 utmmque
758 791 855 868 latus.

99 913 209 989 Altera
223 910 393 986 Bistonias
410 934 487 1009 pars
503 925 554 982 est
569 936 703 983 sensura
719 908 867 999 sarissas,

143 1029 259 1106 Altera
276 1023 455 1098 Sarmatica
470 1021 596 1123 spicula
613 1016 711 1098 missa
729 1053 838 1099 manu.

99 1147 112 1218 l
129 1172 239 1230 nunc,
258 1159 290 1214 et
306 1157 452 1213 veterum
468 1137 569 1212 nohis
585 1136 731 1240 exempla
745 1141 908 1230 virorum,

145 1257 217 1355 Qui
230 1256 311 1329 sorti
328 1282 439 1327 casum
454 1271 562 1326 mente
579 1252 701 1340 tulere,
718 1251 821 1326 refer:

99 1376 143 1448 Et
158 1401 253 1470 grave
272 1368 470 1464 magnanimi
488 1367 592 1442 robur
607 1370 725 1442 mirare
740 1367 867 1458 Rutili,

144 1491 223 1561 Non
239 1484 293 1558 usi
310 1484 435 1558 reditus
451 1482 644 1556 conditione
660 1483 738 1556 dati.

99 1606 238 1703 Smyrna
253 1600 360 1672 virum
377 1599 502 1683 tenuit,
520 1627 589 1671 non
605 1600 735 1673 Pontus
750 1618 784 1674 et
800 1600 930 1676 hostica
946 1600 1063 1692 tellus,
1125 1624 1159 1674 65

147 1721 245 1792 Paene
261 1717 371 1790 minus
388 1712 482 1787 nullo
499 1714 638 1815 Smyrna
653 1717 794 1815 petenda
811 1716 895 1792 loeo.

99 1839 178 1909 Non
194 1833 300 1907 doluit
316 1832 423 1932 patria
439 1830 583 1930 Cynicus
601 1829 718 1931 procul
735 1860 805 1906 esse
822 1833 1005 1934 Sinopeus;

148 1949 248 2045 Legit
263 1948 350 2023 enim
369 1946 477 2029 sedes,
495 1945 606 2018 Attica
623 1963 724 2031 terra,
742 1963 833 2020 tuas:

101 2067 204 2140 Amra
218 2061 393 2136 Neoclides
412 2060 469 2160 qui
486 2061 616 2133 Persica
634 2060 786 2132 contudit
802 2061 920 2148 armis,

149 2175 310 2274 Argolica
325 2175 465 2275 primam
481 2173 583 2247 sensit
600 2174 635 2244 in
649 2172 731 2246 urhe
746 2172 882 2268 fugam:
1135 2210 1168 2266 7⁰

143 2369 307 2436 hospiciola
324 2370 401 2418 mirra
422 2383 504 2417 manu.
528 2364 613 2415 Missa
660 2362 1167 2435 niae,ahhmaaoneSmyrnaadpellata,

102 2458 220 2518 quatuor
229 2444 334 2514 scripti,
351 2441 422 2511 quod
434 2440 535 2494 melius.
661 2460 720 2510 quse
732 2441 867 2509 Ephesum
883 2445 968 2496 tenuit
980 2464 988 2506 3
1008 2463 1039 2496 ea
1056 2445 1117 2498 urhs
1130 2456 1171 2498 est
1237 2464 1240 2471 ’

135 2527 179 2580 61.
200 2528 314 2578 Veterum
329 2525 402 2574 nobis
414 2524 528 2588 exempla
540 2525 613 2574 mio-
662 2537 716 2571 una
727 2538 758 2571 ex
769 2519 812 2584 iis,
823 2538 882 2588 quae
892 2521 939 2573 sihi
949 2522 1061 2575 Homeri
1069 2523 1168 2578 natales

101 2623 166 2658 m.
174 2600 266 2655 Scribe
276 2608 383 2651 velerum
394 2615 501 2659 motura,
518 2596 560 2649 vel
571 2596 614 2650 in·
662 2595 1021 2651 vindiearuu1.-Nulloloco.
1035 2599 1112 2654 Nulla
1121 2600 1171 2655 alia

101 2682 163 2737 vitis
174 2676 344 2731 membranis.
356 2675 393 2727 H.
662 2674 735 2727 urbe.
742 2675 866 2746 Smyrna,
874 2675 970 2745 inquit,
978 2679 1100 2745 quamsit
1107 2679 1170 2732 urhs

133 2759 178 2812 63.
195 2759 234 2808 Et
244 2772 321 2822 erare
331 2753 528 2819 magnammrssl,
539 2771 615 2819 grave
662 2751 856 2819 praeclarissima
872 2793 879 2820 ,
902 2755 1034 2809 minorem
1054 2756 1172 2811 adferret

101 2834 208 2900 malim,
218 2831 334 2900 adposita
345 2829 539 2898 repetitione,si
550 2827 614 2897 quid
663 2831 783 2885 dolorem
795 2832 823 2884 in
835 2851 866 2885 ea
878 2834 1019 2900 exsulanti,
1029 2834 1171 2903 quamalios

102 2907 556 2975 video.H‚-Ma3nanimilzstili.P.
563 2906 615 2958 Ru·
663 2909 741 2962 urbes
750 2929 757 2963 z
766 2910 839 2978 quasi
848 2910 933 2978 dicat,
944 2913 964 2964 si
976 2913 1033 2981 quis
1044 2914 1113 2967 exsul
1125 2914 1172 2967 lo-

105 2992 177 3048 tilius
189 2990 281 3043 doctus
295 2997 321 3040 et
335 2985 502 3056 philosophie
513 2983 616 3038 deditus
663 3005 726 3039 eum
745 2998 849 3056 gratum
867 2990 978 3057 querit,
999 3009 1059 3044 eam
1076 2991 1172 3045 urbem

104 3068 215 3134 vis-fnit,
223 3085 334 3120 summe
341 3065 511 3118 innocentiae:
519 3064 540 3116 is
547 3083 616 3132 quse·
664 3083 718 3133 pros
729 3066 829 3118 caeteris
840 3067 926 3137 eligat.

105 3160 161 3204 seor
170 3147 262 3200 Asiam
269 3143 371 3212 injuriis
381 3140 579 3212 publicanorum
588 3140 617 3194 li·
697 3143 738 3212 67,
749 3146 807 3195 Non
817 3146 900 3198 doluit
906 3156 955 3200 etc.
969 3146 1119 3216 Diogenem
1130 3149 1175 3202 in-

105 3225 209 3281 beavit
220 3243 227 3277 ι
238 3222 283 3276 sed
299 3221 396 3273 invidia
407 3219 533 3288 equestris
544 3218 618 3271 ordi·
665 3219 1010 3291 telligit,quiSinopeusfuit,
1018 3225 1092 3280 lcesii
1100 3245 1173 3280 men·

107 3303 165 3370 nis,
179 3301 226 3371 qui
235 3297 402 3368 tuncjudicia
410 3297 560 3362 exercebat,
572 3315 618 3348 re·
665 3295 726 3349 sarii
749 3297 817 3351 filius
832 3316 839 3350 z
863 3319 943 3368 quem
957 3301 1055 3370 fugisse
1075 3305 1172 3371 aiunt,

107 3380 288 3453 pessundatum
296 3378 450 3444 damnatus,
463 3377 490 3429 in
498 3375 616 3429 exsilium
666 3395 749 3444 quum
766 3378 823 3445 ejus
840 3389 915 3447 pater
933 3381 1035 3451 publice
1053 3403 1173 3437 mensam

108 3461 202 3515 missus
214 3468 270 3511 ese:
282 3476 365 3525 quum
377 3466 467 3524 postea
479 3455 503 3507 ei
514 3455 548 3507 ob
557 3453 619 3526 syl·
639 3467 641 3469 ’
666 3450 789 3519 haberes,
802 3472 832 3508 ac
850 3454 916 3510 falso
935 3461 1073 3528 pecuniam
1085 3461 1173 3530 signa-

107 3539 198 3595 lansm
207 3536 344 3589 victoriam
361 3534 388 3585 in
405 3532 517 3601 patriam
530 3531 618 3586 redire
665 3538 715 3580 ree.
733 3529 798 3583 lude
813 3530 932 3587 Athenas
949 3536 1075 3604 veniens,
1093 3536 1175 3591 Anei-

107 3617 199 3673 lieeret
207 3654 215 3682 ,
224 3613 318 3666 maluit
324 3613 352 3664 in
360 3610 447 3664 exsilio
458 3629 513 3664 esse
523 3627 619 3678 ,quam
666 3605 779 3660 sibenen
791 3619 894 3663 secutus
906 3621 953 3664 est.

99 3690 210 3761 ¹aliquid
217 3698 309 3743 contra
321 3687 389 3755 leges
400 3685 489 3739 iecisse
500 3685 591 3739 videri.
699 3684 739 3756 69.
747 3687 829 3739 Arma
835 3691 978 3743 Neoclides.
986 3690 1175 3751 Themistocles

140 3768 184 3839 dh.
202 3770 295 3823 Wrum.
310 3765 448 3820 Rutilium.
468 3766 506 3817 Et
520 3767 620 3817 hostica
667 3761 850 3831 Atheniensis,
860 3766 1049 3835 Neoclisfilius,
1064 3768 1177 3839 quinni-

110 3830 194 3902 tedus.
205 3845 286 3899 Multi
298 3843 357 3897 libri
374 3852 400 3897 et
409 3846 530 3910 hospita:
548 3842 618 3896 forte
667 3860 748 3896 versae
754 3842 1045 3914 Groeeiaemagnoesaluti
1051 3846 1176 3907 luitboldo

110 3924 256 3994 scripseris,
269 3942 319 3976 non
326 3923 429 3984 Pontus,
440 3923 568 3988 mbospm
575 3922 621 3973 tel·
668 3921 782 3977 Persico.
793 3923 835 3976 De
843 3923 1018 3979 Themistocle
1029 3927 1104 3997 plura
1111 3929 1179 4000 legi-

111 4007 162 4069 lus,
170 3999 429 4072 peradposilionem,
441 4008 467 4051 et
476 4008 506 4050 ut
514 3997 621 4052 adludat
669 4008 697 4051 to
704 4000 773 4068 apud
782 4000 967 4070 Herodotum,
977 4003 1176 4076 Thucydidem,

114 4079 304 4149 adcognomen
311 4081 395 4131 aneni.
404 4076 501 4130 Bonus.
669 4077 821 4144 dominum,
836 4099 864 4134 ac
877 4080 1016 4136 AEmilium
1026 4086 1152 4140 Probum.

148 4159 190 4214 66.
199 4159 312 4230 Smyrna.
321 4156 437 4229 Smyrna
446 4154 507 4209 urbs
517 4152 568 4208 luit
580 4153 623 4206 1ο·
705 4158 1178 4234 7o.Pr1'mamfugam.Hoedieie,quis

214 4257 304 4331 VII¹
679 4246 686 4259 ⁵
990 4267 1032 4351 ιζ
