2624 4816
194 440 264 506 EX
287 434 466 508 PONIiO
489 440 584 506 LlB.
611 443 665 509 II.
692 443 862 514 EPIST.
888 451 1006 519 VIII.
1063 446 1128 524 355

114 578 262 677 Visaque
282 594 361 651 sunt
378 577 474 650 dictis
490 577 633 652 adnuere
651 608 709 653 nra
724 583 816 657 meis.

68 693 175 780 Vera,
193 701 328 794 precor,
341 694 422 768 liant
439 695 561 768 timidae
577 697 733 796 presagia
750 702 888 790 mentis;
1094 731 1128 802 7⁵

112 805 444 910 Justaqne'quamvis
461 829 529 901 est,
548 812 717 887 sit‘minor
733 815 782 888 ira
797 817 872 890 Dei.
905 856 908 863 ·

63 985 211 1051 -Vr'saque
221 993 280 1035 sunt
288 986 369 1037 dieat.
381 983 511 1052 Imagines
518 983 573 1037 istee
655 986 692 1055 75.
701 989 825 1056 Iustoque
834 997 948 1058 quamuis
954 1002 1000 1047 est.
1006 997 1130 1068 lassaque

62 1061 124 1115 visae
135 1073 198 1115 sunt
210 1061 275 1114 mibi
294 1063 434 1128 assentire,
448 1072 477 1114 ut
492 1061 573 1117 velint
620 1071 777 1131 quantumvis
789 1068 887 1122 malim.
899 1071 934 1124 li.
944 1099 978 1113 -
988 1074 1042 1128 Nos
1055 1095 1128 1144 prn-

61 1139 210 1192 eoneedere
220 1139 307 1192 locum
319 1141 398 1193 exsilii
409 1139 491 1209 magis
500 1159 573 1194 com·
620 1142 805 1212 tulimusquod
814 1146 927 1215 probant
937 1153 1019 1205 nostri
1032 1153 1091 1208 CC.
1100 1166 1128 1210 et

61 1216 186 1269 modum.
619 1218 757 1288 ingenium
770 1234 860 1291 poetae.

59 1385 1127 1427 Q

391 1522 697 1611 EPISTOLA
726 1527 805 1613 IX.

541 1693 653 1712 mm

426 1859 591 1933 COTYI
616 1863 754 1936 REGI.

412 2182 775 2248 ARGUMENTUM.

62 2333 158 2407 Cotyis
174 2332 295 2387 Thracis
310 2335 379 2404 regis
398 2333 522 2388 auxilium
540 2336 682 2407 implorat,
702 2357 817 2408 eumque
833 2350 861 2393 et
876 2340 983 2412 originis
995 2342 1130 2398 nobilitate

93 2421 284 2491 conspicuum,
309 2432 336 2474 et
355 2421 520 2488 studiorum,
542 2443 647 2492 poeseos
671 2426 839 2497 praesertim,
859 2427 998 2482 dulcedine
1022 2440 1128 2499 captum

94 2516 188 2576 rogat,
201 2516 231 2558 ut
242 2505 290 2558 sibi
303 2506 383 2560 exsuli
393 2508 421 2559 in
433 2506 527 2560 vicinia
539 2516 596 2560 tuto
609 2507 703 2576 degere
716 2509 800 2563 liceat.

62 2659 220 2765 Reum
237 2672 430 2789 progenies,
450 2690 504 2762 eui
521 2689 708 2764 nobilitatis
725 2693 822 2787 origo

105 2809 240 2913 Nomen
256 2806 290 2878 in
309 2805 467 2906 Eumolpi
483 2809 631 2907 pervenit
649 2837 773 2908 usque,
794 2808 895 2908 Coty;

60 2923 160 2997 Fama
177 2921 299 3022 loquax
316 2940 439 2995 vestras
457 2923 485 2995 si
499 2923 566 3020 jam
584 2921 732 3022 pervenit
746 2921 788 2993 ad
806 2950 917 3008 aures,

91 3034 169 3109 'Me
187 3035 250 3109 tibi
265 3034 396 3108 finitimi
413 3052 504 3136 parte
519 3036 624 3134 jacere
640 3035 721 3124 soli;

58 3146 229 3253 supplicis
247 3148 377 3237 exaudi,
395 3148 550 3248 juvenum
567 3149 754 3237 mitissime,
774 3177 910 3223 vocem:
1106 3171 1123 3222 5

92 3357 116 3390 ι.
125 3339 263 3403 Cotiregt'ae
272 3341 410 3404 progemes.
422 3337 504 3390 Hunc
515 3335 569 3389 Co·
617 3347 688 3402 tum,
700 3336 743 3388 lib.
755 3337 795 3399 ll,
808 3346 836 3389 et
847 3355 927 3405 quem
938 3335 1011 3389 idem
1019 3346 1121 3400 auctor,

58 3415 145 3482 tium,
163 3414 250 3467 filium
261 3414 329 3484 regis
343 3413 462 3467 Thracius
474 3423 502 3466 et
513 3412 570 3466 Ge-
616 3426 646 3467 ut
657 3425 685 3466 et
695 3413 804 3479 Strabo,
822 3414 864 3468 lib.
878 3415 945 3477 xll,
959 3417 1061 3486 Cotym,
1076 3431 1123 3480 per

56 3504 162 3559 mm,
175 3493 256 3546 luisse
264 3492 327 3545 libet
337 3490 474 3560 suspicari,
488 3509 568 3559 quern
612 3491 772 3563 ynominat.
786 3491 869 3560 Quod
887 3492 1000 3544 libenter
1012 3507 1122 3557 sequor,

58 3560 232 3643 Tranquillis
248 3575 388 3628 cainonem
400 3570 520 3641 adpellat.
531 3571 570 3623 M.
619 3580 646 3625 et
669 3581 820 3640 temporum
846 3571 947 3625 ratione
968 3568 1072 3633 habita,
1094 3576 1124 3619 et

58 3656 297 3721 *venenumque
309 3654 372 3706 Coti.
385 3651 464 3704 Varie
478 3650 571 3704 inscri-
618 3668 737 3719 personae
754 3649 922 3717 qualitatem,
943 3655 969 3699 et
987 3644 1123 3713 ingenium

57 3729 133 3784 bitur
139 3730 196 3784 baee
207 3730 297 3799 Elegia
309 3750 316 3792 ;
327 3729 368 3782 alii
378 3728 410 3782 ad
422 3731 518 3782 Catium
529 3728 571 3781 ba·
619 3748 680 3783 cum
691 3729 740 3781 bae
752 3727 924 3797 descriptione
935 3722 1083 3777 conferens.
1097 3720 1124 3773 ls

57 3806 133 3861 bont.
145 3805 219 3861 inira
231 3806 325 3860 eadern
338 3805 428 3875 Elegia
444 3805 569 3875 ponitur,
619 3808 692 3860 enim
705 3817 733 3859 et
743 3805 902 3874 temporibus
912 3800 1022 3870 Augusti
1031 3817 1126 3867 supre-

60 3884 173 3958 ocots,
181 3891 311 3954 progenies
318 3888 397 3952 digna
402 3895 507 3952 parente
516 3891 569 3951 tuo,
619 3887 668 3939 mis
680 3886 758 3951 vixit,
770 3895 797 3937 et
809 3880 945 3936 abeodem
956 3880 1128 3947 Augustore·

57 3965 104 4018 ubi
115 3965 249 4019 vocativus
262 3967 332 4036 Coty,
345 3983 400 4017 non
410 3975 505 4018 arerto
515 3963 571 4016 Co-
622 3963 667 4032 gni
680 3961 835 4016 Thracensis
845 3968 944 4027 partem
958 3954 1062 4023 accepit

58 4043 128 4109 tius,
138 4042 184 4096 sed
194 4061 208 4096 a
218 4045 294 4114 Cotys
301 4043 371 4095 tertii
379 4042 479 4095 ordinis
490 4041 572 4095 flecti·
654 4063 677 4094 a.
695 4043 810 4094 Pervenit
828 4056 904 4104 usque
919 4045 968 4088 etc.
986 4033 1130 4088 Descendit

58 4130 111 4174 tur.
126 4121 251 4194 Micyllus
263 4121 294 4174 de
307 4139 340 4173 eo
353 4119 424 4192 Coty
434 4120 476 4173 bic
491 4119 572 4174 intel·
623 4140 706 4190 usque
714 4121 746 4174 ab
755 4118 896 4185 Eumolpo;
907 4115 1051 4184 Eumolpus
1058 4116 1138 4179 enim,

56 4199 118 4270 ligit
125 4238 136 4267 ,
151 4201 228 4270 eujus
244 4201 345 4255 mentio
360 4200 392 4255 fit
405 4200 474 4269 apud
487 4199 569 4252 Taci-
620 4197 738 4266 Neptuni
748 4207 776 4251 et
786 4193 1087 4263 Chiones,quaelloreae
1097 4200 1124 4244 et
