2624 4816
115 397 179 481 40⁸
385 400 425 462 u.
458 397 639 465 0v1o11
665 396 892 466 ursonis

109 539 170 625 At,
192 537 221 610 si
236 535 321 608 sorte
339 535 419 609 velis
437 536 472 608 in
488 565 550 609 nos
567 536 754 635 inquirere,
769 565 867 611 nemo
886 555 939 612 est

158 652 229 748 Qui
245 678 297 737 se,
315 650 408 750 quod
425 650 569 751 patitur,
588 652 820 726 commeruisse
837 669 948 748 neget.
1021 696 1025 703 ·

111 767 223 854 Adde,
244 766 336 866 quod
354 764 534 839 exstinctos
550 765 601 839 vel
619 795 721 866 aqua,
738 766 789 841 vel
806 770 931 856 Marte,
951 767 1005 844 vel
1020 769 1098 866 igni,
1130 790 1153 842 u

159 881 263 957 Nulla
279 899 392 983 potest
406 884 526 954 iterum
544 881 727 956 restituisse
744 883 824 957 dies.

112 997 274 1072 Restituit
291 994 435 1083 multos,
454 1014 511 1068 aut
524 1025 635 1096 poenae
653 1017 747 1097 parte
760 999 881 1073 levarit

162 1116 292 1200 Caesar;
312 1131 364 1200 et,
384 1113 419 1184 in
439 1111 555 1185 multis
572 1141 624 1185 me
640 1111 721 1185 velit
738 1143 826 1202 esse,
844 1112 982 1214 precor.⁸

112 1231 165 1302 An
184 1247 236 1314 tu,
254 1258 357 1328 quum
374 1226 432 1300 tali
448 1226 595 1327 populus
612 1230 675 1301 sub
694 1229 843 1331 principe
861 1231 981 1320 simus,
1047 1276 1050 1281 ·

162 1343 334 1444 Adloquio
351 1343 487 1443 profugi
504 1344 611 1416 eredis
627 1346 733 1417 inesse
749 1347 899 1418 metum?

113 1458 266 1530 Forsitan
283 1458 352 1529 haec
371 1457 509 1528 domino
527 1455 682 1529 Busiride
699 1458 770 1555 jure
788 1458 941 1544 timeres,

166 1575 236 1646 Aut
255 1571 355 1647 solito
373 1572 505 1646 clausos
522 1601 616 1645 urere
633 1571 670 1644 in
686 1601 747 1645 aere
762 1572 861 1645 viros.

119 1688 242 1761 Desine
259 1687 374 1760 mitem
392 1687 537 1759 animum
555 1715 638 1758 vano
655 1685 811 1759 infamare
828 1687 969 1758 timore:

166 1803 257 1876 Saeva
274 1802 355 1902 quid
370 1801 406 1874 in
424 1800 564 1901 placidis
580 1830 658 1876 saxa
672 1803 792 1876 vereris
812 1802 934 1902 aquis?

118 1924 195 2020 lpse
212 1947 294 2014 ego,
313 1918 404 2019 quod
421 1919 531 2018 primo
547 1920 663 2020 scripsi
681 1921 751 1994 sine
769 1921 904 1994 nomine
918 1919 1035 2007 vobis,

166 2038 233 2109 Vix
251 2037 398 2110 excusari
414 2065 514 2137 posse
533 2038 616 2110 mihi
632 2039 755 2111 videor.

120 2152 185 2226 Sed
202 2181 305 2253 pavor
320 2153 471 2226 adtonito
486 2154 626 2228 rationis
644 2156 807 2229 ademerat
821 2182 941 2242 usum;

171 2270 325 2343 Cesserat
343 2299 439 2344 omne
456 2271 551 2343 novis
568 2270 811 2371 consiliumque
826 2269 931 2344 malis.

122 2387 370 2485 Fortunamque
387 2416 491 2460 meam
509 2405 673 2474 metuens,
691 2416 761 2460 non
775 2386 915 2459 vindicis
932 2385 1032 2474 iram,
1050 2436 1053 2441 -

171 2504 333 2577 Terrebar
351 2502 450 2577 titulo
467 2503 611 2576 nominis
628 2503 701 2603 ipsc
719 2505 794 2576 ruei.

125 2621 296 2692 Hactenus
313 2617 502 2691 admonitus
517 2618 654 2691 memori
668 2617 808 2691 concede
822 2636 946 2718 poetae,

175 2737 283 2807 Ponat
298 2734 386 2807 utin
405 2733 527 2806 chartis
544 2732 679 2806 nomina
694 2761 768 2805 cara
785 2732 862 2806 suis.

126 2849 238 2946 Turpe
255 2848 317 2919 erit
332 2846 515 2934 ambobus,
532 2845 633 2942 longo
646 2848 728 2919 milri
744 2847 915 2948 proximus
932 2873 1017 2934 usu,

178 2964 214 3035 Si
230 2963 321 3035 nulla
339 2964 417 3036 libri
434 2981 526 3063 parte
543 2962 650 3057 legare
667 2964 741 3036 mei.

130 3082 181 3151 Ne
198 3097 305 3152 tamen
323 3081 386 3154 iste
400 3098 508 3153 metus
525 3108 661 3152 somnos
679 3079 742 3151 tibi
759 3106 911 3178 rumpere
926 3076 1055 3178 possit,
1144 3088 1166 3140 55

162 3192 257 3270 ¹Non
273 3195 376 3284 ultra,
397 3226 495 3296 quam
511 3198 576 3285 vis,
595 3197 761 3272 officiosus
779 3225 856 3269 ero:

165 3378 205 3447 39.
215 3375 257 3427 An
268 3382 302 3424 tu.
314 3373 354 3425 lta
362 3373 453 3423 nostri.
463 3373 544 3425 Multi
551 3374 635 3437 Attae,
687 3380 754 3427 sarrs
766 3415 773 3438 ‚
787 3375 902 3441 judicis,
925 3372 1038 3426 solemni
1056 3377 1170 3443 permuta·

132 3472 194 3506 cum
201 3450 290 3520 priscis
301 3448 466 3501 editionibus.
687 3452 774 3518 tione,
787 3450 888 3505 codices
899 3451 995 3518 scripti.
1122 3516 1125 3521 Δ

165 3533 205 3597 42.
212 3531 523 3582 Autsolilourercclausos
531 3538 578 3580 etc.
587 3528 641 3579 aut
722 3536 762 3585 50,
779 3535 899 3584 Terrebat
909 3535 989 3584 tetulo.
1001 3530 1073 3599 Quia
1084 3547 1132 3583 non
1139 3542 1173 3578 au·

135 3611 243 3664 domino
251 3607 406 3672 Phalaride,
422 3606 502 3674 quiin
511 3617 645 3659 aereotau·'
690 3608 785 3662 debam
797 3609 882 3662 faeere
898 3608 1065 3662 mentionem
1078 3606 1127 3660 mei
1138 3619 1174 3656 uo·

73 3721 77 3731 ι
134 3711 165 3744 ro
176 3691 230 3759 igni
241 3689 345 3743 subdito
355 3687 476 3740 homines
487 3687 603 3740 necabat.
690 3688 768 3740 minis
779 3687 806 3739 in
821 3686 885 3739 meis
900 3685 998 3740 libellis.

168 3772 207 3837 43.
224 3773 318 3823 Desr‘rre
337 3773 419 3821 mitem
437 3770 640 3819 animum.An1'-
725 3771 764 3820 51.
783 3769 874 3819 Poetoe.
893 3766 984 3817 Sodali
1004 3762 1102 3818 Mureti
1122 3761 1177 3819 duo.

136 3845 538 3900 nramunusMedonii.Hn1ns.
691 3845 792 3897 Bersm.
807 3854 833 3895 et
849 3843 934 3912 Marg.
949 3842 1052 3914 Gryph.

169 3930 208 3993 45.
227 3931 303 3994 Quod
308 3933 404 3995 scrrjrsr‘.
419 3928 472 3994 Qui
478 3930 573 3993 serpsi
582 3935 641 3977 tres.
725 3924 763 3976 53.
775 3925 912 3975 Ambobus.
926 3922 961 3975 Et
977 3922 1024 3976 tibi
1038 3932 1065 3975 et
1080 3919 1179 3975 milti·-

169 4011 209 4076 49.
221 4009 279 4058 Non
295 4013 358 4059 itam
373 4009 489 4058 vendicri.
503 3993 563 4058 Non
576 4004 642 4056 iram
692 4003 897 4054 Proxrmusmihi
903 4005 978 4068 longo
988 4019 1043 4052 usu.
1055 3999 1084 4053 Si
1095 3988 1179 4051 tumihi

137 4081 249 4150 Augusti
260 4082 415 4137 vindicantis
431 4081 555 4152 injuriam
572 4100 642 4134 ame
692 4081 848 4147 conjunctus
868 4079 945 4148 longa
964 4076 1147 4132 consuetudine
1160 4077 1180 4121 tl

137 4173 276 4230 acceptam.
292 4167 419 4229 Vindicis,
434 4167 571 4233 praecepti,
589 4164 643 4215 Ca·
693 4158 1014 4212 amore.-Prox1'mus.ln
1026 4155 1114 4210 multis¹
1122 4160 1181 4205 rete·
