2624 4816
231 385 508 454 TRISTIUM
531 387 633 455 LIB.
656 387 686 453 1.
712 388 860 456 ELEG.
886 389 957 457 IX.
1080 382 1123 475 43

39 530 172 630 thue
188 555 298 602 comes
315 527 427 602 radios
442 556 503 628 per
518 525 606 602 Solis
623 527 779 602 euntibus
795 525 931 617 umbra,

104 647 222 741 Quum
240 628 319 719 latet
334 645 391 719 bie
407 671 542 746 pressus
559 644 731 732 nubibus,
748 641 805 716 illa
820 641 928 739 sugit3

39 759 188 835 Mobile
206 761 254 836 sic
271 760 422 861 sequitur
436 759 576 834 fortunar
591 759 715 834 lumina
730 757 871 854 vulgus3

105 881 193 974 Qua
209 879 307 954 simul
323 878 459 953 inducta
478 879 568 953 nube
584 874 760 974 teguntur,
778 877 860 951 abit.
979 867 982 874 ¹

44 995 137 1067 Haec
153 1021 273 1094 precor
289 1011 329 1068 ut
348 1024 478 1096 semper
490 993 623 1095 possint
638 992 702 1066 tibi
718 992 800 1066 salsa
816 990 922 1100 videri
940 1020 949 1064 :
1099 1011 1129 1068 15

105 1109 195 1181 Sunt
212 1125 321 1182 tamen
335 1126 453 1183 eventu
469 1137 545 1182 vera
556 1107 688 1181 fatenda
702 1135 786 1181 meo.
1055 1207 1059 1214 ι

52 1227 149 1299 Dum
167 1226 338 1315 stetimus,
357 1226 463 1301 turbae
480 1231 641 1327 quantum
657 1224 738 1299 satis
757 1243 858 1314 esset,
873 1225 1019 1300 habebat

104 1341 197 1412 Nota
213 1340 368 1440 quidem,
384 1341 443 1415 sed
459 1370 529 1414 non
544 1340 736 1428 ambitiosa,
755 1332 901 1413 domus.¹

62 1456 104 1528 lt
121 1453 222 1528 simul
241 1456 382 1557 impulsa
401 1474 468 1542 est,
489 1485 604 1530 omnes
621 1456 758 1529 timuere
774 1455 927 1545 ruinam,

110 1573 283 1673 Cautaque
301 1573 466 1647 communi
486 1593 576 1669 terga
594 1572 711 1647 dedere
727 1574 823 1668 sugae.

69 1687 150 1763 Sava
166 1716 227 1762 nec
245 1690 391 1765 admiror
405 1708 558 1765 metuunt
574 1691 604 1764 si
620 1689 775 1776 fulmina,
796 1715 940 1790 quorum

110 1806 251 1901 Ignibus
263 1806 377 1882 adllari
394 1808 544 1908 proxima
562 1837 701 1909 quaque
717 1806 841 1882 vident.

72 1919 127 1994 Sed
144 1941 254 1996 tamen
271 1922 305 1996 in
324 1922 414 1999 duris
431 1942 654 2012 remanentem
671 1925 772 2001 rebus
789 1924 951 2013 amicum,

113 2037 308 2134 Quamlibet
323 2040 450 2129 inviso,
468 2043 596 2132 Caesar,
614 2041 649 2116 in
662 2044 780 2132 hoste,
798 2041 938 2143 probat;

72 2149 130 2224 Nec
147 2152 234 2226 solet
249 2154 363 2243 irasci,
381 2184 490 2257 neque
506 2157 593 2232 euim
608 2158 809 2233 moderatior
825 2157 927 2244 alter,
1100 2170 1133 2223 25

111 2272 226 2368 Quum
244 2273 321 2373 quis
336 2274 371 2346 in
388 2274 550 2365 adversis,
568 2275 597 2350 si
613 2276 688 2377 quis
702 2277 840 2365 amavit,
858 2293 955 2350 amat.

72 2388 112 2464 Ile
128 2391 248 2466 comite
265 2391 416 2488 Argolici
433 2411 612 2495 postquam
630 2395 786 2490 cognovit
802 2395 952 2481 Orestae,
1002 2453 1004 2456 .

97 2584 133 2636 13.
141 2585 263 2639 Fortuna
269 2586 375 2638 Iumr‘rra.
385 2583 487 2639 Auram
496 2595 523 2639 et
530 2585 575 2638 le·
622 2585 687 2654 psit,
702 2584 730 2638 iu
744 2603 795 2653 qua
806 2582 991 2639 continebatur
999 2578 1134 2650 quomodo

70 2655 184 2713 licitatem
197 2660 322 2716 fortune.
623 2660 1133 2732 Orestes,cupiensasaluriasremorere

98 2738 133 2791 ιθ.
144 2739 244 2791 Eventu
252 2757 312 2791 vera
314 2739 427 2808 fatenda
436 2759 498 2792 rrreo.
505 2738 573 2792 Ma·
622 2759 654 2793 er
664 2750 750 2794 morte
762 2740 854 2794 matris
865 2748 1019 2808 conceptas,
1037 2754 1133 2790 oracu-

70 2812 108 2868 lim
117 2821 187 2869 rar‘bi.
201 2818 304 2871 Hasna.
621 2818 677 2873 lum
686 2817 826 2883 consuluit,
834 2815 905 2886 quod
911 2815 1056 2886 respondit,
1065 2812 1135 2866 utad

96 2913 133 2946 ao.
154 2897 239 2948 Cauta
250 2903 327 2962 terga.
340 2895 392 2965 lpsi
406 2893 476 2949 cauti
488 2904 514 2948 et
524 2893 573 2949 sibi
622 2896 750 2965 templum
760 2896 853 2952 Diana
862 2896 889 2949 in
898 2895 1039 2949 Tauricam
1048 2893 1135 2962 regio·
1242 2962 1244 2968 Α

69 2972 242 3027 consulentes:
254 2972 296 3026 vel
306 2984 377 3028 certe
390 2983 466 3029 cauta
478 2972 573 3038 turba,
621 2992 684 3036 nem
694 2973 912 3042 proficiscentem
921 2992 974 3043 quo
982 2993 1065 3042 quum
1077 2993 1136 3042 per·

69 3046 111 3103 boe
122 3062 174 3117 est,
188 3052 266 3106 turba
277 3051 325 3106 sibi
336 3070 447 3118 cavens,
462 3049 575 3119 nequid
622 3051 752 3119 venisset,
775 3052 872 3106 comite
896 3064 923 3106 et
946 3053 1012 3106 duee
1032 3052 1134 3104 itineris

70 3127 197 3197 Angustus
208 3128 235 3182 in
251 3147 296 3182 eos
308 3148 368 3182 mea
381 3149 458 3182 causa
472 3129 575 3198 gravius
596 3145 598 3151 ·
622 3129 737 3202 Pylade,
751 3131 840 3184 Thoas
859 3150 905 3184 rex
922 3130 956 3184 de
976 3149 1051 3184 more
1070 3148 1133 3182 eum

70 3206 210 3260 moliretur.
218 3207 360 3262 Itu-Lus
370 3208 412 3262 111
426 3207 457 3259 de
468 3208 573 3273 Ponto,
622 3219 736 3265 mactare
742 3208 990 3265 volebat-Caeterum
997 3211 1135 3280 ignorabat

70 3282 135 3355 Eleg.
144 3301 183 3352 11,
201 3306 231 3355 7:
247 3307 261 3332 «
273 3285 430 3355 ignoscimus
441 3286 503 3352 illis,
517 3285 574 3354 Qui
622 3297 756 3342 uteresset
764 3287 880 3344 Orestes.
887 3289 999 3361 Pylades
1006 3287 1133 3344 Orestem

69 3381 122 3416 cum
132 3362 244 3416 fortuna
256 3374 328 3433 terga
338 3363 435 3416 dedere
447 3363 548 3433 fugae.»
622 3384 649 3418 se
663 3385 717 3419 esse
730 3366 881 3436 respondit,
896 3377 926 3420 ut
937 3386 986 3437 pro
998 3365 1043 3431 illo
1054 3384 1135 3419 neca-

95 3442 134 3506 ²4·
147 3442 269 3508 Quolibet
278 3446 367 3494 r'urc'so.
380 3443 523 3506 Quamlibet
530 3461 575 3495 sex
622 3453 704 3507 retur.
724 3443 833 3500 Orestes
849 3455 954 3509 autem,
971 3443 1007 3496 ita
1018 3453 1047 3496 ut
1059 3451 1132 3506 erat..

67 3521 180 3585 reteres‘,
193 3519 285 3589 probe.
300 3519 400 3574 Helua.
624 3519 750 3575 Orestem
759 3542 787 3576 se
796 3542 851 3577 esse
860 3522 1056 3591 perseverabat:
1067 3537 1135 3588 quo·

95 3598 134 3668 87.
151 3601 195 3651 De
207 3603 297 3652 comete
310 3598 431 3667 Argolico
439 3607 574 3669 postquam
623 3619 684 3653 rum
701 3600 781 3653 fidem
795 3601 830 3654 ita
844 3600 933 3657 Thoas
947 3599 1083 3669 probavit,
1103 3608 1134 3654 ut

68 3683 178 3745 cognorit
186 3679 308 3732 Orestem.
318 3679 406 3732 Oreste
413 3679 519 3748 plurimi
529 3699 575 3732 ve·
624 3675 713 3732 Oresti
720 3680 875 3747 ignosceret.
885 3679 956 3732 Rern
964 3677 1039 3730 aliter
1048 3688 1073 3730 et
1081 3677 1133 3746 ple·

16 3814 18 3818 r
67 3763 137 3810 teres.
153 3757 245 3810 Scribe
258 3757 378 3824 Argolici
390 3759 490 3811 Oreste.
504 3759 574 3811 Nam
622 3756 993 3812 niusrelertOvid.lib.llIde
1002 3757 1133 3821 Ponto‚ea

66 3831 173 3904 Pylades
188 3833 325 3900 Phoceus,
347 3853 402 3888 non
417 3834 574 3905 Argolicus;
623 3835 714 3905 Elegia
726 3855 805 3905 quam
817 3836 850 3889 ad
864 3834 973 3891 Cottam
987 3835 1083 3889 scribit.
1091 3837 1134 3888 Be

69 3911 156 3967 Amor.
168 3914 235 3967 libro
245 3914 287 3980 tl,
301 3913 373 3984 Eleg.
387 3932 434 3981 vr,
447 3936 512 3969 vers.
529 3919 575 3970 15:
622 3920 712 3969 comite
724 3915 844 3981 Argolico
860 3913 928 3966 male
945 3913 1010 3968 dant
1025 3915 1133 3983 plures,

70 3990 215 4061 «Argolico
227 3989 373 4055 Orestam»
391 3993 449 4046 ride
457 4005 532 4047 notas
541 3993 574 4047 ad
623 4013 654 4047 ex
664 3993 763 4062 optima
775 3992 943 4046 distinctione
955 3993 1072 4057 Heiusii;
1085 4011 1133 4048 cu·
1211 4029 1215 4034 ·

69 4064 270 4143 EP·V‚1¹12V⁵·.⁰r
286 4070 425 4125 Helua-
436 4074 575 4127 Decernite
621 4074 663 4144 jus
677 4074 719 4127 bie
729 4073 869 4128 lectionem
889 4072 1020 4145 libenter,
1043 4093 1130 4144 neque

69 4148 190 4216 Argolico.
202 4149 333 4205 Pacuvius
344 4152 496 4223 tragediam
510 4151 574 4208 scri·
621 4154 776 4222 immerito,
792 4153 874 4208 secuti
888 4173 987 4210 summ.
