2624 4816
280 395 684 465 nxuonronin.
710 399 957 469 11.E1>15'r.
983 405 1029 470 x.
1127 371 1196 474 asi

470 706 783 816 uuisioni
806 733 857 817 x.

605 897 719 917 m

554 1065 767 1141 Maelio,

582 1272 727 1288 —u--u

476 1411 787 1474 ARGUMENTU
797 1415 837 1473 M.

124 1559 171 1613 Ad
181 1558 303 1612 Macrum
314 1568 420 1626 poetam
431 1558 562 1626 scribens,
580 1558 669 1613 multis
680 1558 782 1614 indiciis
793 1560 923 1626 ostendit,
935 1561 1037 1616 ‚debere
1053 1582 1116 1617 eum
1134 1585 1190 1621 esse

158 1657 308 1693 memorem
322 1639 361 1692 sui
371 1678 377 1704 ‚
389 1649 417 1692 et
427 1639 543 1708 pristino
558 1639 676 1693 amicitiae
688 1660 695 1693 ε
709 1640 783 1709 cujus
795 1640 895 1695 fructus
907 1653 934 1695 et
953 1643 1048 1696 amoris
1065 1645 1153 1714 signa,
1172 1647 1193 1700 si

158 1723 197 1777 itti
209 1724 237 1775 iu
250 1733 370 1775 mentem
384 1722 524 1789 venerint,
539 1723 601 1777 dicit
612 1744 640 1778 se
652 1724 786 1778 absentem
800 1726 922 1780 futurum
934 1727 969 1780 ἰΙΙί
981 1737 1106 1796 tanquam
1118 1747 1191 1797 prae-

157 1817 263 1860 sentem
275 1825 380 1877 semper
391 1818 452 1860 ante
465 1806 553 1861 ocutos
565 1825 572 1859 ε
583 1802 654 1878 quod
669 1818 699 1860 ut
710 1807 763 1877 ipse
777 1827 880 1878 quoque
890 1809 988 1863 efficiat
998 1810 1117 1880 impense
1130 1831 1192 1883 pre·

156 1899 234 1942 catur
244 1899 328 1958 poeta.

124 2015 312 2132 Ecevln
329 2045 371 2118 ab
387 2046 553 2145 impresse
571 2045 747 2140 cognoscis
764 2046 905 2141 imagine
923 2075 1058 2141 gemma
1087 2018 1091 2025 ¹

175 2162 255 2234 Haec
271 2159 332 2234 tibi
348 2162 512 2233 Nasonem
530 2162 670 2234 scribere
688 2160 802 2248 verba,
822 2163 958 2237 Macer?

123 2272 350 2374 Auctorisque
368 2274 419 2346 sui
438 2273 466 2346 si
483 2301 554 2347 non
570 2290 621 2347 est
637 2272 780 2348 annulus
797 2273 913 2360 index,

175 2387 363 2486 Cognitane
380 2407 429 2463 cst
445 2398 560 2462 nostra
577 2388 671 2462 litera
688 2387 772 2462 facta
789 2391 915 2464 mauu?

121 2507 181 2581 An
198 2506 259 2581 tibi
275 2507 428 2581 notitiam
445 2537 536 2581 mora
553 2507 712 2608 temporis
730 2507 828 2608 eripit
847 2508 994 2583 horum?

172 2626 244 2697 Nec
260 2642 417 2724 repetunt
431 2623 519 2699 oculi
536 2623 627 2720 signa
646 2640 774 2694 vetusta
791 2621 865 2696 tui?

122 2743 178 2819 Sis
193 2741 270 2817 licet
286 2740 410 2822 oblitus
428 2742 550 2842 pariter
567 2767 767 2841 gemmasque
782 2768 983 2841 manusque,

171 2855 340 2941 Exciderit
356 2875 485 2930 tantum
499 2883 541 2927 uc
559 2854 621 2926 tibi
639 2881 716 2933 cura
732 2855 807 2927 mei.

122 2971 236 3069 Quam
252 2989 288 3046 tu
306 2971 357 3046 vel
376 2970 470 3067 longi
485 2970 587 3045 debes
604 2966 812 3047 convictibus
829 2969 905 3057 aevi,

172 3088 237 3163 Vel
251 3119 323 3164 mea
340 3090 430 3192 quod
449 3091 569 3191 conjux
584 3117 653 3162 non
669 3087 774 3162 aliena
791 3086 874 3172 tibi3
1030 3118 1033 3124 ²
1166 3128 1196 3161 ιο

85 3243 88 3246 ⁴
121 3205 188 3282 vet
201 3206 338 3297 studiis,
358 3209 482 3309 quibus
504 3236 556 3295 es,
576 3234 673 3308 quam
690 3234 768 3292 uos,
789 3203 968 3304 sapientius
986 3234 1086 3296 usus;

171 3324 286 3423 thue
305 3325 413 3412 dccet,
431 3322 523 3398 nulla
539 3323 645 3396 factus
662 3351 697 3396 es
712 3325 795 3394 Arte
809 3349 944 3396 nocens.

122 3440 176 3515 Tu
193 3440 285 3515 cauis
301 3458 423 3515 eterno
440 3439 598 3540 quicquid
612 3439 760 3514 restabat
777 3441 947 3527 Homero,

156 3624 178 3658 ι.
189 3606 305 3671 Imagine
322 3622 392 3657 cera.
407 3605 516 3655 Gemmoe
528 3602 633 3675 Fragm.
682 3602 822 3657 reducunt.
840 3631 874 3643 -
890 3605 968 3671 upra
985 3613 1092 3657 vetusta.
1111 3603 1192 3659 Auti-

120 3681 276 3739 Boxhormii
287 3693 315 3736 et
325 3681 448 3735 Francos.
458 3681 576 3750 quamvis
588 3702 633 3736 ve·
682 3698 761 3753 quam
773 3679 917 3750 imaginem
928 3679 1018 3733 annuli
1031 3680 1092 3735 mei.

120 3759 295 3833 rovulgatam
311 3759 421 3812 detenti
437 3779 513 3829 posse
530 3761 631 3826 sciam,
716 3779 755 3811 11.
765 3755 1103 3823 Velstudirs.Subaudi,vel
1113 3776 1194 3826 quam

119 3840 219 3895 rectius
235 3849 325 3893 tamen
344 3858 405 3891 meo
420 3838 517 3906 judicio
528 3859 632 3910 gemma
680 3854 771 3888 curam
782 3833 835 3887 mei
846 3834 924 3887 debes
936 3833 1121 3888 communibus
1133 3845 1192 3891 stu-

119 3917 218 3971 dicitur
234 3916 368 3986 imprimi,
392 3936 471 3986 quam
495 3936 571 3983 cera,
590 3917 632 3970 cni
680 3912 745 3975 diis:
756 3911 1069 3985 (utdiximuthomiues
1077 3912 1191 3969 invicem

121 4001 228 4064 gemma
237 3995 366 4064 imprimit
376 3994 535 4065 imaginem
549 4004 576 4047 et
584 3993 633 4047 hoc
681 3996 819 4049 conciliare
831 3997 915 4049 solent
929 4015 958 4049 ac
970 3996 1075 4061 debent.

120 4073 297 4128 confirmatur
308 4094 385 4141 mox,
398 4095 464 4128 vers.
479 4095 502 4144 7.
518 4074 550 4128 B.
716 4076 753 4128 13.
771 4076 901 4141 Quidquid
909 4079 1027 4128 restabat.
1053 4075 1192 4146 Quidquid

155 4153 180 4205 6.
195 4155 250 4207 Nec
263 4161 381 4221 repetunt.
398 4155 455 4209 Nec
475 4154 633 4208 memoriam
680 4165 739 4225 post
750 4173 781 4209 ea
800 4173 859 4224 quo
875 4154 929 4224 ipse
947 4157 1109 4226 composuit,
1123 4176 1190 4228 per-
