2624 4816
209 108 480 177 TRISTIUM
509 108 610 175 LIB.
642 108 696 175 ΙΙ.
729 109 802 175 EL.
833 109 1010 178 UNICA.
1089 133 1129 200 9¹

64 251 217 351 Quique
231 248 286 324 alii
302 249 419 337 lusus‚
435 276 543 349 neque
560 248 648 323 enim
664 272 754 323 uuna
765 274 944 351 persequar
956 275 1086 337 omnes,

119 366 280 453 Perdere,
298 393 366 438 rem
383 392 506 453 caram,
526 382 674 465 tempora
690 382 805 440 nostra
820 365 937 441 solent.

58 487 160 558 Ecce
176 483 264 556 canit
279 481 400 555 formas
416 480 519 569 alius,
535 481 705 581 jactuuque
724 480 885 581 pilarum
1086 501 1136 571 485

122 600 190 672 Hie
203 617 305 672 artem
320 596 421 671 nandi
439 595 605 698 praecipit,
621 595 676 670 ille
694 596 822 670 trochi:

23 797 28 802 ,
62 714 271 816 Composita
289 731 340 788 eat
355 712 428 786 aliis
444 712 578 788 fucandi
594 741 671 788 cura
688 712 827 803 euluriu;

123 833 191 905 Hic
209 830 315 931 epulis
330 829 418 926 leges
433 829 648 930 hospitioque
660 829 769 903 dedit:

56 947 171 1020 Alter
185 947 341 1034 humum,
357 945 398 1018 tle
415 973 480 1045 qua
496 945 662 1041 fingantur
676 944 815 1046 pocula,
836 961 1016 1034 monstrat,

122 1064 276 1163 Quaque
294 1062 391 1135 docet
407 1060 537 1162 liquido
553 1079 636 1136 testa
652 1063 696 1136 sit
711 1079 788 1163 apta
805 1089 905 1135 mero.
1089 1080 1138 1153 490
1195 1156 1198 1161 1

57 1175 171 1251 Talia
187 1178 310 1253 fumosi
328 1177 488 1253 luduntur
502 1206 614 1253 mense
631 1178 830 1267 decembri&

100 1371 164 1438 485.
177 1372 247 1424 Ecce
262 1369 445 1438 caritfhmas.
461 1370 582 1424 Docuere
632 1371 693 1425 edit.
706 1371 851 1439 Hamburg.
868 1380 924 1424 erat
940 1369 1027 1423 Artem
1042 1371 1085 1421 hr'c
1100 1388 1139 1422 ve·

56 1447 111 1501 alii
122 1447 208 1502 etiam
215 1448 313 1501 formas
323 1458 453 1517 etgenera
461 1448 582 1517 pilarum,
631 1453 727 1511 rand&
743 1447 836 1516 majori
851 1448 953 1516 specie,
968 1464 1051 1515 quum
1063 1444 1139 1497 multi

55 1539 130 1591 quae
142 1524 349 1593 quatuorluere.
365 1525 428 1578 Erat
440 1525 492 1593 pila
499 1525 584 1592 trigo·
632 1525 700 1595 apud
708 1527 786 1579 Rom.
795 1535 919 1579 venatum
928 1522 1087 1578 credideriut
1095 1523 1140 1575 in-

54 1604 138 1659 halis
154 1602 278 1656 omnium
296 1603 421 1670 minima,
435 1602 517 1668 dura,
532 1603 584 1671 pilu
633 1605 723 1672 grauis
734 1603 884 1656 bominibus
892 1602 1047 1672 indignum,
1060 1611 1088 1654 et
1097 1600 1141 1652 in-

52 1670 159 1748 pleria.
175 1680 255 1735 Dicta
267 1701 281 1735 a
293 1682 429 1751 Trigune,
451 1681 496 1751 qui
515 1681 584 1734 lorus
632 1690 673 1733 ter
685 1680 785 1732 servilia
803 1678 889 1731 officia
906 1679 1044 1731 retulerint
1057 1677 1139 1740 avide
1249 1732 1258 1740 ,

54 1760 170 1815 eratin
185 1760 311 1826 thermis,
326 1761 471 1829 triquetra,
486 1759 513 1812 id
527 1770 582 1826 eat,
633 1756 693 1810 sall.
706 1755 812 1810 Catilin.
830 1774 887 1825 cap.
899 1743 936 1809 ti.
949 1755 1048 1809 Bura.
1078 1758 1088 1781 ¹

54 1837 229 1908 triangulari
241 1838 340 1908 figura,
358 1859 435 1908 quam
449 1838 525 1909 graeci
536 1845 585 1914 epi·
659 1838 1144 1906 487.Fuscaud1’curacelorr's.Fbcandr'

55 1941 142 1985 νωνον
158 1928 271 1981 vocanl;
288 1918 343 1973 haec
359 1918 517 1973 reddebatur
531 1931 583 1974 tam
631 1917 761 1969 extribus.
776 1916 812 1970 H.

56 1994 181 2063 dextra,
204 2014 283 2065 quam
295 1997 399 2050 sinistra
415 2015 504 2050 manu.
520 1999 585 2052 Erat
660 1996 716 2061 488.
734 1998 786 2048 llic
797 1999 878 2063 epulis
894 1999 968 2065 leges.
981 1996 1057 2050 laler
1073 2013 1139 2066 quoa

57 2085 204 2143 praeterea
226 2073 277 2142 pila
291 2077 423 2142 Pa5am'ca
432 2114 440 2143 ,
458 2095 474 2128 a
492 2077 583 2145 pagis,
632 2073 711 2125 etiam
724 2073 837 2141 Apicius.

58 2150 90 2205 id
103 2162 168 2218 est,
184 2149 253 2204 villis
266 2151 351 2218 dicta,
366 2153 437 2221 quud
449 2154 541 2224 pagani
553 2175 585 2209 ea
661 2151 1139 2223 489stquafinffauturpeeuladlpud

59 2240 232 2292 merentum
244 2248 275 2282 ea
286 2227 366 2282 laxior
376 2241 447 2297 erat,
461 2243 487 2285 et
496 2234 585 2303 pluma
633 2229 768 2281 Romanos
779 2227 840 2281 olim
852 2247 883 2281 eo
893 2228 1012 2296 pervenit
1023 2229 1139 2295 luxuria,

60 2308 157 2376 plena.
169 2307 240 2361 Erat
251 2317 278 2361 et
288 2308 397 2361 tertium
412 2309 469 2378 pilae
484 2330 582 2380 genus,
631 2306 755 2360 utlictilia
763 2326 822 2360 vasa
830 2306 1141 2375 essentinmazimopre-

60 2380 142 2454 quud
157 2402 192 2438 ex
203 2384 271 2454 pelle
286 2384 380 2450 fiebat,
393 2397 420 2438 et
432 2387 524 2456 spiritu
537 2390 584 2443 in·
631 2383 675 2439 tio.
688 2384 776 2438 Samia
793 2385 905 2438 maxime
922 2384 1095 2438 laudabantur
1111 2383 1140 2438 iu

66 2464 203 2529 bebatur,
213 2481 302 2533 pugno
310 2462 385 2535 reddi
393 2464 514 2533 solitum,
527 2485 583 2531 nou
630 2462 775 2516 esculentis.
788 2462 876 2515 lmmu
888 2480 920 2515 eo
932 2463 1053 2532 pervenit
1063 2460 1139 2516 luxu-

69 2543 173 2610 palma,
186 2551 219 2594 ut
229 2540 337 2609 relique
348 2541 414 2610 pilae.
430 2540 494 2596 Erat
511 2563 584 2612 prae-
630 2540 684 2606 ria,
701 2551 731 2593 ut
743 2540 822 2593 etiam
837 2539 924 2594 fictilia
939 2539 1019 2608 pluris
1035 2549 1140 2595 comta-

64 2629 144 2673 .terea
165 2628 292 2688 quartum
313 2618 371 2687 pile
391 2639 492 2689 genus,
513 2621 584 2690 quod
630 2627 691 2669 rent
703 2635 781 2685 quam
792 2617 939 2670 murrhina.

76 2700 231 2766 Harpalum
239 2696 489 2765 adpellabatur,sive
498 2703 584 2753 Praea-
663 2697 719 2768 49¹·
732 2697 808 2748 Yalr'a
814 2699 939 2750 luduntur.
944 2696 1017 2750 Talia
1028 2716 1087 2751 vaaa
1094 2717 1138 2753 ce·

78 2779 142 2829 uida.
154 2772 249 2828 Flebat
259 2793 275 2827 e
287 2793 391 2844 panum
404 2775 542 2845 aliquando
552 2797 584 2831 ex
630 2774 886 2844 lebranturapoetia,
893 2774 1083 2840 Saturnalibus,
1095 2775 1139 2829 tle·

70 2853 155 2930 spelle,
168 2853 245 2918 lana,
255 2862 407 2908 tomentove
417 2854 583 2924 implebatur;
629 2854 729 2908 cumbri
739 2874 837 2909 mense.
849 2882 883 2896 —-
891 2857 998 2910 Famoso
1008 2857 1137 2909 decembri.

82 2928 233 2985 laboriosum
241 2931 352 2985 erathoc
360 2932 414 2984 ludi
420 2951 512 3001 genus;
524 2934 582 2988 vide
630 2931 663 2985 ld
675 2941 728 2999 est,
741 2932 938 3001 Saturnalibus,
951 2951 1009 3002 que
1021 2932 1138 2987 celebra-

83 3005 225 3063 Meruurial.
236 3008 265 3061 in
275 3019 329 3062 arte
336 3009 473 3082 Gymnast.
485 3011 528 3065 lib.
537 3012 582 3080 ΙΙ,
630 3007 726 3062 bantur
738 3008 871 3063 decembri
883 3029 982 3064 menae.
998 3037 1032 3050 -
1041 3010 1139 3062 Murro-

85 3091 159 3156 aas.
172 3088 535 3158 Mtte-Formasdiactusque
540 3097 584 3159 pa·-
629 3105 684 3139 sum
695 3098 803 3156 propter
813 3089 919 3158 ignem,
938 3090 983 3159 qui
999 3108 1031 3143 eo
1044 3102 1136 3142 menae

86 3163 153 3217 lm
163 3176 214 3218 etc.
228 3164 271 3217 De
281 3165 356 3234 pilis,
369 3174 396 3218 et
407 3185 498 3219 earum
510 3167 586 3220 vario
630 3165 741 3219 maxime
754 3166 812 3219 fieri
825 3168 890 3221 solet
904 3167 936 3220 ad
949 3166 1031 3237 frigus
1046 3164 1137 3218 diuol-

87 3236 148 3308 lutu,
161 3243 299 3297 Pollucem
313 3243 387 3311 ride,
398 3243 441 3297 tib.
454 3244 502 3298 lx.
513 3245 583 3300 M1c.
630 3244 1135 3301 autumatur-Tarraradunturffa-

110 3320 162 3386 486.
173 3323 228 3373 Hic
238 3331 319 3374 artene
332 3326 417 3375 transt.
431 3322 524 3392 Quum
538 3324 584 3377 in·
630 3323 662 3377 lia
670 3326 785 3396 intellige
797 3328 927 3394 carmina,
939 3326 992 3397 aive
999 3334 1137 3394 poemata,

89 3401 119 3448 lrr
125 3396 258 3454 honestius.
268 3409 295 3453 et
305 3401 394 3454 utilius.
405 3411 473 3456 artes
484 3403 583 3456 natatio
629 3405 700 3458 utsit
707 3404 806 3459 dictum
815 3426 821 3461 :
831 3407 904 3461 Talia
915 3425 962 3476 per
971 3406 1058 3458 lusum
1067 3422 1137 3463 com·

90 3474 144 3540 erud
160 3476 297 3531 Romanoa
315 3477 473 3548 haberetur,
492 3480 583 3533 mirari
629 3493 765 3551 ponuntur
772 3504 805 3538 eo
812 3503 917 3551 menae,
930 3482 1138 3554 quandosarur-
1231 3524 1234 3537 .

91 3547 136 3614 iure
146 3553 203 3622 quis
214 3555 294 3624 posuit
306 3574 354 3609 cur
365 3556 389 3609 ei
403 3556 445 3610 hic
457 3559 526 3612 Naau
536 3558 582 3611 lo-
629 3561 698 3614 ualia
708 3572 831 3632 aguntur,
837 3563 930 3632 quibus
936 3561 1028 3615 diebus
1033 3579 1137 3615 summa

91 3644 138 3682 ruat
147 3631 191 3685 dat
202 3632 273 3686 inter
284 3644 366 3700 artes,
382 3634 403 3687 si
415 3652 469 3688 non
483 3634 582 3690 illicitas
629 3657 720 3692 rerum
731 3638 834 3693 licentia
845 3650 890 3693 eat
904 3639 972 3693 Μία.
984 3666 1017 3681 -
1029 3638 1138 3693 Fumore

93 3716 217 3782 tlturpu,
229 3712 322 3767 saltem
333 3713 437 3768 inutiles
449 3725 476 3768 et
488 3734 583 3785 parum
630 3735 712 3770 mense
724 3718 853 3771 decembri.
861 3716 923 3770 Duo
935 3718 1078 3771 decembre.
1088 3717 1138 3772 Le-
1209 3721 1214 3726 ’

68 3820 72 3831 ·
94 3781 166 3855 dignes
185 3790 308 3844 Romano
324 3789 402 3858 viro,
422 3811 504 3861 quum
516 3792 583 3846 nibil
630 3813 661 3865 ge
672 3793 774 3860 fumosi
781 3797 915 3849 decembris
926 3813 986 3850 eum
999 3794 1137 3850 Barbetiu.

94 3856 183 3935 ludicri,
192 3866 313 3924 aut-levia
324 3868 405 3924 etiam
420 3870 457 3925 illi
471 3870 539 3926 insit.
549 3871 582 3925 ln
628 3881 659 3926 ut
671 3871 781 3939 monui,
793 3870 837 3926 lib.
848 3865 891 3943 ΙΙ,
906 3872 947 3928 ΕΙ.
955 3889 990 3943 a,
1002 3874 1024 3929 3.
1039 3873 1075 3927 ll.
