2624 4816
113 367 156 431 uo
395 363 438 429 P.
471 363 650 433 OVIDII
685 363 914 434 NASONIS

162 501 287 575 Essent
302 528 491 601 pugnaces,
510 504 569 604 qui
584 504 654 578 sera
670 501 759 577 bella
777 523 910 579 canunt.
1136 497 1198 589 2'serr

113 617 271 719 Denique
287 619 461 719 composui
479 636 611 694 teneros
626 648 694 692 non
714 619 807 693 solus
822 621 989 697 Amores:

164 732 365 836 Composito
382 763 499 836 peenas
516 735 609 810 solus
627 763 739 809 amore
757 733 842 808 dedi.

115 847 213 949 Quid
226 847 294 937 nisi
313 877 388 922 cum
403 847 511 923 molto
528 851 689 927 Venerem
709 850 911 925 confundere
928 849 1007 925 vino

167 964 330 1065 Praecepit
344 962 437 1065 lyrici
454 965 533 1038 Teia
547 966 648 1040 Musa
665 966 777 1040 senis?

117 1078 239 1156 Lesbia
256 1078 338 1179 quid
356 1077 471 1153 docuit
488 1081 641 1183 Sappho,
659 1081 725 1155 nisi
740 1109 868 1171 amare,
886 1080 1041 1182 puellas?
1145 1103 1193 1179 sco

168 1198 256 1269 Tuta
277 1212 385 1270 tamen
403 1196 559 1298 Sappho,
578 1215 672 1272 tutus
691 1216 724 1272 et
740 1197 797 1272 ille
813 1198 887 1272 suit.
1219 1202 1221 1206 '

121 1317 191 1389 Nec
209 1312 293 1400 tibi,
311 1311 480 1400 Battiade,
498 1312 634 1401 nocuit,
654 1312 747 1413 quod
763 1341 848 1415 saepe
863 1312 986 1410 legenti

173 1429 320 1505 Delicias
337 1457 433 1502 versu
451 1428 559 1503 fassus
578 1457 611 1503 es
630 1430 700 1531 ipse
717 1448 801 1504 tuas.

121 1545 250 1622 Fabula
265 1544 406 1645 jucundi
424 1542 516 1617 nulla
534 1562 585 1618 est
602 1544 672 1618 siue
688 1574 800 1620 amore
814 1546 1007 1637 Menandri;

132 1752 135 1757 ,
172 1669 219 1743 Et
236 1664 322 1738 solet
338 1663 393 1737 hic
410 1663 523 1763 pueris
538 1663 790 1764 uirginibusque
808 1663 883 1760 legi.
1150 1687 1199 1758 syo

122 1780 203 1856 llias
218 1778 293 1882 ipsa
310 1779 477 1881 quidest,
496 1779 561 1853 nisi
578 1780 687 1881 turpis
704 1779 871 1868 adultera,
891 1780 931 1855 de
949 1809 1016 1880 qua
1221 1789 1222 1793 ’

176 1899 270 1969 Inter
286 1914 467 1968 amatorem
483 1925 597 1996 pugna
614 1897 788 1997 virumque
805 1895 895 1971 fuit?

126 2012 223 2110 Quid
239 2011 333 2112 prius
351 2028 401 2084 est
416 2010 466 2085 illi
483 2010 613 2085 flamma
630 2011 856 2113 Chryseidos?
876 2032 979 2114 utque

177 2128 305 2203 Fecerit
322 2126 425 2201 iratos
443 2144 537 2228 rapta
552 2127 662 2229 puella
681 2128 806 2202 duces?

125 2247 197 2321 Aut
217 2243 299 2346 quid
316 2243 467 2345 Odyssea
484 2261 552 2332 est,
571 2244 637 2316 nisi
654 2244 793 2357 femina,
809 2236 949 2345 propter
964 2273 1126 2335 amorem,
1154 2266 1203 2338 375

176 2363 267 2436 Dum
286 2360 337 2433 vir
353 2359 467 2447 abest,
486 2359 600 2434 multis
617 2390 684 2434 una
701 2361 804 2462 petita
819 2359 954 2460 procis?
1216 2370 1219 2377 '

127 2572 283 2631 propterea,
297 2558 369 2628 quod
380 2560 518 2630 tragoedias
531 2560 644 2630 scripsit.
691 2560 751 2615 bula
763 2559 890 2613 videlicet.
901 2559 1037 2629 H.-Ego
1046 2560 1148 2629 praetuli
1156 2563 1206 2614 tic.

160 2642 218 2708 364.
230 2644 294 2695 Tea.
303 2642 389 2694 Musa.
398 2641 573 2695 Anacreontis
581 2641 643 2693 Mu·
725 2641 782 2708 371.
795 2642 860 2692 Ilias
871 2646 930 2706 apsa
940 2643 1003 2708 quai
1011 2642 1145 2703 astulam,
1158 2644 1212 2693 nisi

127 2740 156 2773 sa
170 2740 176 2773 ε
191 2719 213 2774 is
225 2722 298 2774 enim
311 2721 389 2774 Teon
407 2721 520 2789 patriam
533 2720 642 2786 habuit,
692 2719 897 2771 adulteratum·
912 2721 991 2782 tumis
1011 2720 1129 2771 adultera
1145 2736 1209 2772 cum

58 2832 64 2847 .
129 2808 160 2852 ut
172 2808 211 2851 est
223 2809 314 2852 auctor
324 2798 429 2852 Strabo.
693 2794 785 2863 primis
801 2793 961 2847 editionibus
974 2813 981 2855 ;
1002 2794 1084 2862 Epist.
1101 2793 1219 2848 Lauda-¹

162 2876 219 2933 365.
232 2878 328 2928 lesbia
345 2879 409 2945 quid
424 2879 511 2930 docuit
527 2879 645 2945 Sappho,
695 2871 768 2937 miae,
780 2872 830 2924 33:
844 2893 857 2916 κ
872 2869 947 2937 Quid
960 2870 1059 2938 petitur
1072 2881 1148 2924 tanto
1161 2871 1215 2924 nisi

129 2957 186 3006 nisi
197 2973 301 3016 amare,
317 2957 443 3021 puellas?
464 2953 571 3023 Sappho
589 2953 647 3006 Le·
696 2949 777 3019 turpis
789 2948 908 3002 adultera
921 2947 1008 3001 bello?
1025 2971 1039 2995 »
1054 2951 1147 3017 Turpis
1160 2949 1214 3009 hoo

130 3029 184 3084 sbia
194 3030 279 3098 prima
291 3031 420 3099 plectrum
435 3033 551 3101 reperit,
568 3031 647 3084 libros
693 3027 752 3081 loco
765 3026 798 3080 ad
809 3046 914 3092 mores,
934 3046 988 3078 non
1003 3025 1147 3081 adfaciem
1162 3047 1211 3082 re·

131 3108 225 3181 lyricos
244 3110 413 3178 composuit,
437 3109 645 3178 epigrammata,
695 3106 799 3169 fertum
814 3105 843 3158 in
857 3105 939 3174 Epist.
954 3105 1056 3159 OEnon.
1073 3105 1106 3158 ad
1121 3105 1212 3159 Parid.

132 3185 250 3251 iambos,
274 3195 302 3238 et
318 3185 413 3256 elegias
434 3204 441 3239 ε
463 3184 542 3254 hujus
558 3195 648 3239 autem
697 3183 729 3236 de
742 3185 796 3251 ipsa
809 3183 929 3248 Helena,
947 3203 1014 3236 vers.
1028 3202 1093 3253 170:
1107 3204 1121 3229 «
1140 3184 1213 3239 Ηυ-

135 3270 257 3328 poemata
266 3259 360 3313 lasciva
373 3271 457 3313 erant.
469 3261 505 3315 Et
517 3259 647 3315 Hor.0d.
697 3263 771 3314 rebat
780 3261 880 3330 gremio
894 3262 976 3330 turpis
989 3263 1071 3314 amica
1085 3271 1140 3314 tuo.
1152 3284 1166 3311 a
1175 3262 1213 3317 H.

133 3337 270 3412 IV,W1x,11
281 3357 311 3407 sq
323 3357 329 3391 :
340 3339 649 3408 «vivuntquecommissi
730 3340 787 3409 373.
810 3344 880 3408 Quid
889 3347 963 3408 pn'us
980 3353 1021 3397 est
1037 3346 1093 3394 illic
1102 3345 1221 3410 flamu'

133 3416 231 3471 calores
243 3416 337 3470 AEoliae
353 3415 448 3471 fidibus
463 3417 563 3486 puellae.
574 3440 587 3464 a
701 3418 865 3488 Chryseidam
878 3429 924 3472 aut
929 3424 978 3486 qui.
985 3420 1056 3488 Lege
1064 3430 1141 3488 utque
1151 3438 1221 3479 cnm

166 3497 223 3567 367.
238 3499 292 3549 Nec
308 3500 373 3559 tibi,
394 3499 533 3560 Battiade,
554 3504 648 3553 nocuit.
699 3497 866 3561 melioribus;
884 3504 928 3550 illi
943 3500 1022 3554 etiam
1044 3518 1093 3569 pro
1111 3505 1169 3554 illic
1184 3501 1215 3555 in

135 3575 269 3629 Battiades
290 3573 467 3629 Callimachus
484 3577 648 3645 appellatur,
698 3574 800 3628 iisdem.
813 3576 1216 3649 ll.-()udlpr1hsestill1flan-

134 3673 149 3704 a
165 3656 262 3718 Bauo,
283 3651 388 3724 generis
403 3653 442 3706 sui
461 3665 584 3720 auctore,
606 3655 651 3723 qui
699 3672 755 3713 ma,
775 3663 823 3705 etc.
838 3652 912 3720 Quid
931 3655 958 3706 in
978 3655 1110 3724 principio
1125 3657 1218 3711 statim

138 3728 274 3803 Cyrenem
285 3731 419 3800 condidit,
432 3742 462 3784 ut
471 3732 582 3799 Strabo,
597 3733 651 3785 He·
701 3728 796 3783 Iliados
816 3730 992 3784 describitur?
1006 3742 1077 3785 certe
1099 3732 1217 3803 Agame·

136 3808 426 3878 rodotus,etJustinus
434 3809 558 3865 scribunt.
568 3808 652 3863 Com·
701 3809 808 3861 mnonis
819 3827 894 3861 amor
904 3809 932 3862 in
942 3808 1097 3881 Chryseida.
1135 3872 1137 3876 ¹

137 3888 223 3954 posuit
236 3899 325 3942 autem
336 3898 457 3959 poemata
469 3888 543 3942 omni
554 3909 651 3959 genere
714 3913 716 3917 ·
734 3887 791 3957 374.
803 3890 992 3955 Raptapuella.
1008 3887 1105 3941 Briseis
1120 3888 1219 3943 Achilli

137 3967 300 4020 carminum:
309 3968 403 4041 Lyden
412 3966 527 4038 puellam
540 3969 652 4036 amavit,
702 3976 791 4033 erepta
803 3966 834 4018 ab
846 3967 1048 4034 Agamemnone
1065 3968 1161 4036 :cujus
1178 3967 1225 4021 rci'

139 4043 172 4097 de
185 4062 237 4112 qua
248 4046 328 4098 etiam
338 4047 432 4116 elegias
445 4047 554 4116 scripsit.
702 4064 787 4112 causa,
795 4054 927 4098 ortaesunt
935 4047 1056 4099 intereos
1064 4046 1218 4100 inimicitie.

170 4121 228 4190 ³7⁰·
241 4123 280 4175 Et
288 4127 353 4178 solet
363 4128 413 4181 hic.
432 4124 506 4185 Malo
521 4128 593 4201 hocf
605 4123 653 4178 sa·
717 4125 792 4192 376.
811 4127 896 4179 Perua
913 4130 983 4178 vitas.
1006 4125 1094 4177 Immo
1110 4131 1215 4192 procis,
