2624 4816
137 422 204 514 276
407 424 446 488 r.
473 423 651 491 ovrnrr
677 424 897 495 nasonrs

186 562 240 637 Ad
256 592 309 637 me
324 563 492 664 pervenit,
510 565 758 668 consuliturque
773 568 865 645 boui.

168 738 209 806 94.
229 736 277 787 Ad
289 754 328 787 me
339 740 466 802 pervenit,
485 742 644 807 consulnr‘que
691 741 792 795 Herna.
802 769 836 782 -
850 742 887 794 Is!
895 750 979 795 taurea
992 744 1043 798 boc
1058 746 1193 803 sedeatde·

135 818 202 867 boni.
211 815 387 880 Consuluilque
397 817 460 865 boui
466 813 583 883 plerique
596 836 643 869 ve·
690 817 729 873 dit
741 828 831 873 auctor
844 818 956 873 Elector.
969 818 1052 875 Eton.
1063 824 1193 881 arbitratu

135 899 220 953 terem
232 888 342 957 Argent·
357 899 384 942 et
397 888 438 942 alii
452 890 573 944 nonnulli
583 912 643 945 con·
690 898 816 967 glossema
827 910 867 954 τοῦ
876 904 914 953 ite
924 906 962 953 si!
971 912 1065 955 ortum
1076 924 1092 955 a
1101 906 1190 959 rariore

133 966 642 1039 sr'liumquededr'!;duoconsilr'umquebo
690 976 761 1027 verbi
769 979 856 1028 sedeo!
862 994 918 1029 usu.
927 976 993 1029 Mox
1002 978 1188 1035 Barthiuaoou·

135 1054 167 1101 ni
172 1068 180 1101 :
188 1059 314 1118 praeterea
325 1067 402 1101 versu
413 1048 569 1117 praecedenti
582 1048 642 1116 qni·
688 1050 806 1118 jiciebat,
818 1056 989 1121 consuluitque
998 1057 1078 1122 deae,
1090 1055 1188 1125 quialri

133 1125 211 1190 dam,
224 1127 345 1178 {stramen
352 1128 405 1177 boec
411 1131 449 1179 ita
456 1132 509 1179 sia!
514 1167 520 1178 .
531 1144 586 1178 non
593 1129 641 1178 boc
689 1129 779 1198 pidum
793 1130 932 1197 credebat,
947 1134 1186 1204 postquam-prante

132 1210 171 1258 ita
179 1210 221 1258 sil.
234 1205 324 1259 Scribe
337 1225 343 1259 ε
355 1226 368 1251 «
383 1206 421 1259 Ut
434 1216 522 1259 tamen
538 1205 592 1259 lroec
603 1207 640 1259 ita
688 1227 785 1261 munus
797 1208 951 1277 adpellavit,
966 1222 1058 1280 postea
1071 1211 1153 1267 dicere
1162 1231 1184 1265 re

132 1283 198 1349 sint,
208 1302 304 1336 munus
312 1294 355 1336 tua
365 1283 462 1353 grande
471 1283 590 1335 voluntas
598 1282 638 1336 Ad
687 1285 751 1338 boni
764 1284 907 1338 consulere.
917 1286 975 1356 Ego
985 1287 1092 1342 lection.
1104 1288 1182 1343 Heius.

132 1380 174 1415 rne
187 1363 323 1431 pervenit,
336 1362 532 1431 consuliturque
545 1362 616 1415 boni.
624 1384 638 1410 n
688 1362 791 1433 recepi,
807 1364 936 1432 probante
947 1366 1115 1421 Burmanuo.

445 1665 763 1751 EPISTOLA
796 1668 874 1752 IV.
977 1742 980 1747 .

604 1837 718 1861 W

558 2016 754 2089 UXORI.

480 2339 718 2402 ARGUMEN
726 2341 837 2401 TUM.

128 2493 172 2547 Ad
183 2507 293 2545 uxorem
305 2487 420 2543 scribens
430 2497 522 2557 poeta,
535 2507 629 2541 eanum
640 2507 668 2540 se
679 2499 706 2541 et
717 2488 871 2557 languidum
880 2487 981 2542 factum
990 2508 1046 2544 esee
1058 2488 1174 2559 desiqmu

157 2575 288 2644 hujusque
300 2574 340 2626 rei
351 2592 439 2625 causas
451 2571 515 2625 duas
528 2591 583 2627 esse
593 2572 688 2641 colligit
698 2582 873 2626 :senectutem
888 2572 1002 2640 scilicet,
1015 2583 1043 2628 et
1052 2572 1173 2636 dolorem,

157 2679 211 2728 quo
223 2656 329 2711 adsidue
346 2655 486 2709 conficitur
500 2654 611 2708 :deinde
626 2654 694 2708 lacta
705 2653 843 2708 collatione
855 2654 976 2721 denonis,
996 2656 1041 2725 qui
1053 2656 1082 2709 in
1094 2654 1174 2709 ealon

156 2743 292 2813 pervenit,
310 2742 355 2796 ubi
368 2741 421 2811 ipse
434 2740 548 2807 enulae,
564 2740 639 2793 docet
649 2759 726 2793 suurn
737 2740 837 2793 malum
847 2741 932 2809 majus
943 2740 1023 2795 luisse
1035 2741 1101 2797 iltius
1109 2756 1174 2810 opere

155 2836 182 2878 et
194 2824 413 2895 peregrinatione.
425 2823 564 2875 Postremo
574 2832 661 2889 optat,
674 2831 703 2874 ut
714 2822 793 2890 possit
806 2821 833 2874 in
843 2822 955 2891 patriam
968 2821 1057 2875 redire
1066 2861 1074 2888 ‚
1082 2820 1173 2889 fruique

154 2906 306 2960 dulcissimae
320 2905 438 2973 conjugia
450 2902 571 2972 amplexu
583 2912 610 2955 et
620 2901 767 2971 colloquio,
785 2901 984 2972 Caesaribusque
996 2903 1143 2958 sacrificare.

122 3060 155 3164 J
157 3107 216 3160 Ati
233 3086 315 3158 mihi
332 3086 476 3159 deterior
493 3082 807 3183 canisadspergitur
823 3101 917 3173 atas,

168 3202 309 3298 Jamque
325 3226 417 3272 meos
434 3196 546 3271 vultus
562 3225 645 3291 ruga
663 3193 775 3268 senilis
790 3213 882 3268 arat:

119 3311 326 3407 lauriger,
346 3327 379 3385 et
397 3339 517 3409 quasso
536 3308 694 3405 languent
710 3309 744 3380 iu
763 3337 901 3410 corpore
917 3311 1021 3400 vires3

166 3434 256 3515 Nec,
272 3425 382 3525 juveni
398 3424 489 3498 lusus
509 3427 566 3524 qui
583 3424 751 3525 placuere,
768 3423 922 3526 placent:

117 3546 203 3631 Nec,
218 3541 247 3614 si
265 3567 317 3613 mc
331 3536 444 3612 subito
459 3536 587 3624 videas,
604 3565 779 3632 agnoscere
796 3539 922 3638 possis3

115 3708 118 3713 -
168 3656 292 3733 AEtatis
310 3653 396 3727 facta
413 3668 463 3723 est
481 3668 570 3723 tanta
584 3653 680 3725 ruina
696 3654 793 3728 mea!

116 3775 286 3849 Confiteor
301 3770 407 3845 facere
423 3767 491 3840 haec
509 3796 615 3842 annos
632 3800 639 3840 :
655 3768 712 3841 sed
729 3768 878 3844 etaltera
894 3798 993 3845 causa
1010 3791 1081 3863 est,

145 3941 169 4004 4.
182 3940 249 3999 Νει,
259 3939 353 4004 juneas·
361 3940 433 3989 lusus
440 3935 487 4000 qui
488 3934 619 3998 placuere,
671 3952 685 3976 «
694 3930 766 3985 Nihil
777 3931 882 4001 poliam
895 3934 965 3987 istac
975 3956 1018 3990 res
1029 3937 1095 3990 milri
1107 3936 1173 3989 rolu-

107 4016 208 4086 jurant.
219 4018 397 4081 Quiplacuere,
406 4016 513 4080 placent
520 4009 622 4062 eoncin·
669 4007 746 4076 ptatis
755 4008 847 4062 ferunt
857 4029 863 4061 :
875 4009 988 4065 Satietas
998 4024 1074 4068 tenet
1083 4011 1172 4068 studio·

112 4092 321 4146 nius‘l'hnaneus
328 4090 536 4144 nnus.H.-Nec
543 4090 620 4141 lusus.
668 4102 730 4136 rum
738 4085 856 4138 ictorum.
866 4108 880 4133 »
892 4088 955 4141 Ter.
967 4090 1069 4164 Hecyr.

111 4161 276 4237 ἐπιλελήσμεθ’
289 4172 367 4234 ὁδίων.
381 4168 472 4236 E'urip.
484 4166 513 4219 in
523 4164 618 4219 Bacch.
700 4163 724 4217 6.
736 4165 832 4218 ιΕΙαΙιὶτ
838 4164 918 4231 fracta
928 4176 975 4222 est.
986 4168 1084 4225 Malim
1092 4168 1172 4225 ΛΜ·
