2624 4816
210 433 277 499 EX
301 430 477 500 ΡΟΝΤΟ
501 432 596 498 LIB.
622 432 677 496 ΙΙ.
703 430 866 499 EPIST.
891 431 982 499 Vll.
1059 428 1124 513 345

66 619 1126 649 m

369 757 686 844 EPISTOLA
717 760 826 845 VII.

539 929 652 952 mm

481 1107 708 1180 ATTICO.

418 1427 775 1491 ARGUMENTUM.

62 1579 104 1634 Ut
118 1577 151 1631 de
167 1579 313 1633 amicorum
325 1579 378 1634 lide
390 1600 584 1651 nonnunquam
602 1581 769 1648 subdubitet‚
787 1581 848 1636 inde
862 1581 919 1634 fieri
932 1591 1023 1635 narrat
1033 1591 1127 1652 poeta,

95 1661 168 1730 quod
180 1662 311 1715 continuis
326 1664 478 1717 vulneretur
496 1665 611 1720 lortunae
630 1666 730 1720 ictibus.
749 1665 830 1719 Attici
848 1666 1020 1719 constantiam
1037 1664 1127 1719 solatia

95 1744 144 1799 sibi
157 1744 219 1798 dare
232 1744 327 1814 adjicit.

64 1895 187 1998 ESSE
204 1923 379 1999 salutatum
395 1925 467 2000 vult
484 1945 516 2000 te
532 1955 603 2000 mea
619 1927 712 2002 litera
731 1927 874 2028 primum

113 2042 144 2112 A
162 2041 246 2114 male
260 2044 404 2144 pacatis,
423 2045 549 2130 Attice,
568 2046 665 2123 missa
686 2045 788 2119 Getis.

63 2155 220 2231 Proxima
237 2159 467 2259 subsequitur,
487 2159 567 2259 quid
582 2188 676 2252 agas,
692 2160 806 2232 audire
823 2159 999 2260 voluptas:

112 2275 159 2346 Et
176 2275 221 2361 si,
239 2276 394 2376 quicquid
414 2306 506 2371 agas,
527 2277 570 2349 sit
588 2276 648 2347 tibi
668 2304 744 2348 cura
760 2276 834 2347 mei.

61 2391 132 2462 Nec
148 2389 266 2462 ‹lubito
284 2394 363 2491 quin
382 2393 426 2465 sit
442 2422 449 2476 ;
470 2392 525 2465 sed
541 2420 593 2464 me
610 2391 709 2462 timor
725 2391 796 2489 ipse
812 2388 971 2464 malorum
1109 2410 1125 2462 5

111 2506 205 2605 Saepe
225 2535 444 2607 supervacuos
459 2509 548 2603 cogit
564 2506 683 2581 habere
699 2524 815 2580 metus.

61 2619 274 2706 Duroniam,
296 2650 427 2720 quaeso,
446 2622 614 2720 nimioque
632 2622 766 2714 ignosce
785 2620 917 2693 timori:

107 2733 319 2834 Tranquillas
335 2737 431 2809 etiam
450 2737 625 2831 naufragus
644 2737 755 2810 borret
768 2765 879 2836 aquas.

61 2846 131 2943 Qui
149 2847 248 2920 semel
266 2867 314 2922 est
330 2848 426 2923 laesus
443 2849 549 2923 fallaci
566 2851 666 2950 piscis
681 2853 723 2924 ab
741 2852 858 2940 hamo,

110 2964 280 3037 Omnibus
298 2994 382 3037 unca
400 2966 484 3036 cibis
501 2995 561 3039 aera
579 2967 713 3039 subesse
730 2984 834 3067 putat.
1092 3004 1122 3042 ιο

60 3084 154 3185 Saepe
172 3111 283 3155 canem
300 3081 398 3176 longe
416 3083 521 3155 visum
538 3083 625 3177 fugit
639 3112 738 3177 agna,
755 3081 936 3185 lupumque

37 3265 38 3268 ,
110 3197 243 3282 Credit,
262 3217 295 3271 et
312 3199 383 3298 ipsa
396 3226 488 3272 suam
503 3198 611 3272 nescia
628 3199 710 3271 vitat
726 3227 832 3300 opem.

60 3311 216 3384 Membra
231 3311 446 3386 reformidant
459 3312 592 3385 mollem
611 3338 746 3412 quoque
761 3311 870 3385 saucia
888 3327 1035 3384 tactum:

90 3483 114 3534 3.
130 3485 201 3549 Quid
206 3503 270 3550 agas
282 3487 369 3536 audr're
378 3486 501 3537 voluntas.
514 3487 566 3538 Vo-
614 3483 724 3551 reponi,
738 3505 751 3529 «
765 3483 812 3537 Est
823 3485 906 3551 bene,
919 3482 1041 3553 quicquid
1050 3501 1118 3552 agas,

58 3563 143 3628 lepras
154 3580 184 3612 ex
195 3563 351 3614 melioribus.
361 3563 461 3614 lituus,
612 3561 634 3613 si
650 3561 695 3613 tibi
707 3581 769 3614 curn
778 3562 831 3615 mei
842 3573 887 3616 est.
899 3584 913 3608 u
924 3563 1023 3615 Hutns.

90 3639 114 3704 4.
129 3640 167 3691 Et
174 3644 246 3692 modo
259 3645 378 3710 quicquid
390 3661 454 3708 agas
470 3646 507 3693 sit
519 3646 569 3694 ribi
647 3642 670 3691 5.
686 3641 738 3692 Sed
744 3659 784 3693 mc
793 3647 930 3707 trinortpsc
943 3644 1062 3692 malorum
1070 3649 1120 3692 etc.

58 3733 119 3767 cura
133 3722 188 3768 mei.
201 3716 295 3769 Sarrav
317 3728 342 3770 et
363 3718 415 3769 duo
433 3717 473 3769 alii
490 3719 528 3770 E!
541 3722 569 3769 st'
613 3718 715 3773 Nonde
725 3717 1119 3790 presentibusmatisexsiliitan·

56 3798 120 3862 quid
126 3801 183 3860 agis
195 3800 249 3854 sit,
266 3796 360 3849 omisso
371 3807 403 3869 τῷ
412 3799 500 3860 m0d0,·
516 3814 564 3864 pro
612 3808 670 3851 tum
682 3797 895 3868 intelligendum,
906 3796 952 3849 set
966 3796 998 3850 rle
1012 3796 1121 3866 quibus-

57 3889 110 3939 quo
134 3872 175 3924 alii
198 3877 259 3925 bene
277 3894 338 3926 curn
360 3874 563 3943 Argentinensi;
612 3894 725 3943 cumque
736 3897 743 3939 ς
755 3886 784 3929 ut
796 3876 830 3929 sit
840 3894 930 3928 sensus
941 3893 949 3927 τ
959 3873 1011 3927 Sed
1025 3873 1118 3941 timor,

49 3947 100 4005 alii
110 3953 185 4019 jam,
201 3955 240 4007 vel
254 3964 293 4011 tu.
310 3956 349 4008 vel
365 3976 441 4015 nunc,
455 3966 482 4008 et
494 3955 564 4007 simi·
613 3973 666 4022 quo
683 3953 792 4006 subinde
812 3954 860 4007 alia
874 3964 952 4022 atque
965 3951 1013 4006 alia
1028 3945 1119 4021 rnala,

56 4027 96 4082 lia.
105 4029 212 4096 Scribe,
228 4035 306 4093 Etsi,
321 4037 567 4101 qur‘cqurilages.s1't
613 4052 695 4102 eaque
711 4053 742 4085 ex
758 4033 830 4085 omni
849 4042 922 4101 parte
946 4032 1041 4098 timeo,
1057 4030 1120 4086 lacit
1219 4092 1224 4102 ¹

58 4112 177 4161 tibt'cura
189 4114 243 4161 mei.
255 4110 340 4180 Atque
353 4111 389 4164 ita
400 4123 452 4165 tres
460 4112 564 4180 seripti3
613 4124 643 4166 ut
654 4114 749 4167 multos
757 4132 961 4182 supervacaneos
974 4123 1059 4168 metus
1070 4110 1120 4164 lra-

59 4185 108 4242 nisi
125 4188 196 4256 quod
210 4191 237 4242 in
249 4188 279 4243 iis
289 4209 353 4258 eges
364 4211 372 4246 .·
385 4201 469 4260 posset
486 4191 564 4246 etiam
612 4191 697 4246 beam.
709 4192 811 4246 Mrcru
