2624 4816
206 369 297 477 ¹un
321 409 504 478 rouro
528 411 628 478 mu.
656 412 737 478 111.
764 412 935 482 nrrsr.
961 416 1028 483 vr.
1090 415 1158 508 409

99 554 210 652 seque
227 567 352 645 tegam,
372 551 429 650 qui
445 551 508 639 sis,
524 551 590 625 nisi
609 580 711 652 quum
725 553 915 652 permiseris
931 555 1013 654 ipse.

144 668 295 761 Cogetur
310 695 406 739 nemo
423 696 545 741 munus
563 668 684 741 habere
702 697 822 742 meum.

99 784 148 855 fu
164 781 285 869 modo,
304 810 402 882 quem
418 800 550 883 poteras
565 781 616 855 vel
633 801 743 883 aperte
759 802 851 858 tutus
868 812 993 873 amare,

145 896 184 969 Si
201 925 252 970 res
270 915 321 972 est
335 926 456 998 anceps
471 898 552 987 ista,
570 897 710 973 latenter
723 929 806 973 ama.
1126 921 1160 972 6ο

99 1085 157 1118 um
165 1072 441 1136 cofflrius5utrumque
452 1068 605 1122 rectumfl.
653 1066 735 1120 codex
748 1066 833 1122 Servii
844 1072 900 1120 m'si
907 1074 945 1132 si,
959 1068 991 1121 ad
1001 1068 1050 1138 Ep.
1063 1068 1112 1122 lv,
1124 1067 1161 1122 H.

127 1146 171 1213 57.
180 1145 318 1211 Msr'quum
322 1149 464 1211 permiseris
472 1150 533 1211 ipse.
543 1148 607 1199 Per-
688 1145 726 1197 58.
749 1146 857 1212 Copetur
871 1165 950 1200 nemo.
973 1147 1006 1199 ln
1025 1145 1162 1199 neminem

99 1225 196 1273 niseni
205 1240 274 1274 unus
287 1223 406 1275 Vatican.
417 1222 497 1276 Forte
510 1242 517 1276 z
528 1245 542 1269 «
556 1223 606 1277 nisi
653 1219 767 1273 invitum
783 1241 812 1276 ac
822 1235 1015 1292 repugnantem
1026 1223 1163 1276 conseram

99 1317 149 1366 pua
158 1299 306 1365 permiserit
317 1298 387 1367 ipse,
402 1297 519 1369 Cogetur
526 1319 607 1353 nemo
654 1321 759 1355 munus.
772 1303 803 1355 P.
815 1331 847 1342 —
858 1305 952 1356 Munus
972 1307 1062 1356 subere
1075 1323 1162 1356 meum.

99 1395 197 1429 munus
215 1376 311 1430 habere
327 1396 436 1440 meum;
451 1399 464 1424 n
479 1398 556 1447 supra
573 1378 606 1431 de
655 1383 723 1437 Poni
735 1382 763 1435 in
775 1384 841 1437 meis
851 1384 975 1437 versibus·

99 1457 222 1525 Augusto
235 1475 243 1509 z
258 1478 273 1504 «ι
291 1457 404 1526 Quaque
418 1477 467 1528 ego
484 1459 605 1526 permisi,
688 1465 728 1535 59.
750 1465 788 1516 Tu
799 1484 899 1533 quoque.
915 1467 953 1516 Tu
966 1467 1039 1517 modo
1053 1483 1084 1517 ex
1099 1483 1162 1518 me-

99 1554 211 1604 quaeque
227 1546 267 1590 est
281 1557 324 1591 res
340 1556 428 1606 passa,
447 1539 579 1608 pepercit;
592 1561 605 1586 u
654 1539 769 1594 lioribus.
781 1542 882 1596 Hsms.
901 1543 941 1595 lta
953 1560 1057 1612 quoque
1070 1541 1162 1595 nostri.

407 1843 723 1941 EPISTOLA
755 1848 863 1988 Vil.

579 2018 691 2041 numm

542 2219 755 2292 AMICIS.

462 2577 817 2641 ARGUMENTUM.

108 2730 215 2785 Amicos
230 2742 258 2785 et
276 2749 384 2784 uxorem
403 2730 547 2786 timiditatis
568 2733 718 2800 insimulat,
733 2752 830 2802 seque,
846 2733 945 2803 abjecta
962 2752 1007 2803 spe
1022 2731 1151 2787 redeundi
1160 2751 1173 2799 ,·

288 2814 393 2869 fortiter
410 2815 507 2869 Geticis
519 2815 655 2870 infinibus
667 2817 826 2870 moriturum
840 2815 986 2885 profitetur.

109 2965 263 3072 VERBA
278 2998 361 3070 mihi
379 2998 499 3072 desunt
514 2997 626 3071 eadem
644 3016 709 3071 tam
725 3026 809 3099 saepe
825 2998 979 3092 roganti,

157 3107 300 3212 Jamque
316 3110 422 3212 pudet
436 3142 534 3187 vanas
549 3113 615 3187 fine
632 3142 740 3187 carere
755 3143 878 3214 preces.

111 3231 224 3307 Taedia
240 3228 405 3304 consimili
420 3229 490 3303 fieri
508 3230 548 3303 de
567 3230 708 3302 carmine
723 3228 838 3317 vobis,
946 3316 948 3321 ι

162 3341 321 3448 Quidque
339 3364 465 3447 petam,
480 3352 618 3420 cunctos
635 3345 807 3419 edidicisse
820 3373 906 3418 reor.

110 3465 235 3539 Nostra
252 3460 334 3561 quid
350 3461 505 3560 adportet
518 3461 584 3560 jam
599 3460 703 3534 nostis
721 3459 879 3561 epistola,
899 3459 1047 3561 quamvis
1156 3476 1172 3527 5

147 3647 171 3679 2.
183 3629 247 3680 dine
257 3645 348 3679 carere.
363 3625 505 3694 Nunquam
518 3624 549 3677 ad
561 3624 619 3679 exi·
669 3623 719 3677 reti
728 3634 755 3678 et
763 3633 815 3677 tres
823 3622 872 3677 alii.
884 3625 1088 3691 Quodquepetam
1094 3617 1174 3672 etiam

113 3717 173 3759 tum
184 3716 211 3758 et
221 3704 305 3757 finem
317 3703 441 3773 perduci,
459 3703 505 3757 sed
517 3722 621 3774 semper
671 3703 763 3758 Servii,

112 3782 187 3836 idem
197 3781 306 3850 precari·
704 3787 727 3839 5.
739 3785 834 3836 Nostra
841 3783 1029 3849 qur‘dadporlet.
1036 3779 1176 3845 Nostraque

148 3862 171 3915 3·
182 3863 226 3912 De
234 3863 363 3913 consimili
368 3863 485 3912 carmine·
493 3858 622 3927 Eiusdem
670 3866 732 3931 qued
738 3871 823 3932 portet
833 3880 863 3913 ex
873 3858 972 3926 scriptis
983 3855 1177 3926 compluribus:

113 3960 221 4010 semper
237 3941 354 3994 materiae
372 3959 379 3992 :
395 3959 458 3992 narn
473 3938 565 3992 eodem
581 3958 622 3992 res
671 3949 699 3993 et
714 3959 775 3992 mox
787 3957 836 4008 pro
849 3938 944 3989 Charta
960 3934 1041 3988 codex
1055 3931 1177 3987 Poiitian.

114 4019 209 4088 saepius
226 4019 338 4086 iterata,
357 4030 385 4072 et
402 4018 480 4071 toties
496 4016 624 4070 inculcata
672 4019 754 4082 Cera‚·
767 4012 899 4085 quomodo
909 4010 1102 4065 Arondelianus
1112 4029 1179 4080 quo-

115 4096 226 4150 redium
240 4095 335 4148 adfert.
346 4097 435 4150 Pone.
672 4114 722 4163 que
734 4113 782 4164 pro
794 4092 894 4145 diversa
905 4090 1015 4143 lectione
1027 4109 1034 4143 t
1047 4090 1118 4144 idem
1131 4106 1178 4159 pro

149 4177 337 4241 4.Edr‘d1'c1ise.
352 4177 413 4227 Jam
424 4176 543 4228 didicisse
555 4173 623 4228 Mo·
671 4177 764 4227 vinclis
777 4190 828 4225 nou
843 4167 972 4235 labefacta
989 4173 1056 4233 suri,
1076 4167 1180 4222 exhibet
