2624 4816
111 374 175 460 342
379 381 420 447 r.
452 380 632 448 ovrnrr
659 379 885 453 unsours

114 592 237 604 —

434 715 746 803 EPISTOLA
775 720 852 804 vl.

500 1097 784 1174 GRAECINO.

467 1460 826 1525 ARGUMENTUM.

116 1625 159 1680 Ad
173 1625 324 1680 Graecinum
340 1625 454 1679 scribens
469 1636 563 1694 poeta,
579 1645 640 1678 eum
656 1637 747 1678 monet
757 1637 787 1680 ut
799 1646 812 1679 a
824 1647 882 1681 sera
896 1640 1066 1698 peccatorum
1080 1654 1158 1703 repre-
1191 1648 1195 1655 ’

47 1775 49 1778 Α
149 1713 275 1767 honsione
288 1723 417 1781 temperet
431 1712 478 1765 sibi
500 1711 613 1779 amicus,
638 1723 665 1765 et
683 1712 768 1781 potius
789 1713 913 1768 auxilium
936 1728 1059 1786 praestare
1077 1719 1159 1774 nitatur

150 1794 239 1847 sodali.

124 1941 343 2048 CARMINIS
363 1971 565 2058 Graecinum,
586 1973 642 2073 qui
659 1999 802 2073 presens
818 2002 897 2048 voce
913 1976 1062 2070 solebat,

167 2088 288 2162 Tristis
305 2090 346 2163 ab
365 2089 502 2163 Euxinis
516 2090 604 2163 Naso
624 2087 743 2162 salutat
759 2088 863 2189 aquis.

120 2201 253 2275 Exsulis
269 2203 338 2277 lraec
355 2233 417 2277 vox
436 2222 507 2277 est:
524 2204 647 2302 praebet
662 2203 743 2275 mihi
762 2203 853 2276 litera
865 2203 1033 2303 liugnam

169 2323 231 2405 Et,
252 2322 362 2394 sinon
379 2321 645 2407 liceatscribere‚
663 2339 775 2395 mutus
793 2349 858 2395 ero.

124 2436 291 2535 Corripis,
311 2455 348 2509 ut
364 2438 483 2519 debes,
502 2434 594 2509 stulti
613 2454 741 2536 peccata
759 2420 898 2526 sodalis,

171 2556 217 2626 Et
234 2552 315 2625 maia
335 2582 385 2626 me
402 2553 524 2626 meritis
542 2553 624 2626 serre
642 2552 766 2626 minora
785 2554 891 2629 doces.

124 2673 210 2744 Vera
226 2671 325 2758 saris,
343 2671 400 2745 sed
417 2699 485 2744 sera
498 2680 602 2758 ,meae
619 2671 761 2743 convicia
778 2670 903 2772 culpae:

173 2787 298 2884 Aspera
314 2786 465 2858 confesso
483 2785 579 2858 verba
599 2785 727 2857 remitte
742 2813 807 2858 reo.

129 2898 242 2994 Quum
258 2918 407 2999 poteram
424 2917 512 2972 recto
533 2899 669 2970 transire
687 2901 845 2973 Ceraunia
862 2900 955 2990 velo,

179 3016 226 3086 Ut
243 3014 309 3088 sera
326 3014 457 3089 vitarem
476 3042 570 3100 saxa,
589 3014 771 3087 monendus
787 3044 883 3089 eram.
1145 3050 1167 3088 u

163 3205 185 3237 ι.
200 3187 277 3250 anm
288 3204 405 3250 presens.
422 3189 473 3251 Qui
485 3185 588 3237 Sarrae,
605 3195 633 3238 et
711 3203 732 3251 7.
744 3186 809 3236 Vera
812 3185 895 3250 sace.
911 3189 1020 3239 sedsera
1029 3207 1095 3240 area.
1105 3185 1168 3242 Ordo

129 3260 246 3317 Patavin.
257 3260 293 3311 H.
679 3263 818 3316 verborum
826 3264 860 3316 sir
868 3264 1025 3319 habetzsacis
1037 3277 1067 3320 tu
1077 3266 1169 3336 quidem

161 3340 184 3392 3.
192 3340 288 3391 Paabe!
297 3339 559 3405 mr'hr'lr'teralr‘nguam.
569 3337 632 3390 Car·
678 3341 792 3394 convicia
808 3360 868 3394 vera
881 3343 962 3410 culpae
975 3362 1058 3410 meae,
1072 3345 1117 3398 sed
1124 3361 1169 3397 sera

132 3441 192 3475 men
203 3437 290 3472 meum
299 3428 336 3469 est
346 3417 408 3469 mihi
418 3418 473 3471 loro
484 3417 590 3488 linguae,
600 3417 631 3471 ad
681 3427 776 3470 tamen.
786 3417 876 3485 Quare
888 3419 992 3472 remitte
1005 3421 1112 3490 adspera
1121 3438 1169 3471 rer·

130 3497 295 3554 salutandum
308 3495 409 3546 amicos.
680 3496 726 3559 ba,
739 3495 788 3548 hor.
798 3506 837 3548 est
846 3535 854 3561 ‚
863 3496 951 3549 desine
960 3499 1063 3553 crimen
1073 3499 1170 3568 objicere

162 3576 186 3628 6·
199 3578 232 3627 Et
242 3576 309 3626 mala
317 3591 354 3623 me
362 3573 529 3638 merr'trkferre
539 3577 633 3625 minora
680 3573 743 3626 mihi
754 3574 886 3639 confesso,
902 3585 950 3628 etc.
963 3576 1172 3630 Mrem—Jusa

131 3657 208 3707 doles.
221 3653 260 3705 lta
271 3649 356 3718 scripti
370 3659 535 3715 constanter,
548 3668 631 3717 neque
673 3650 747 3717 sacis
760 3652 812 3704 duo
829 3652 903 3717 libri3
921 3657 970 3706 scd
977 3673 1046 3707 sara
1058 3654 1172 3720 Exoerptt

130 3727 630 3790 tamencouvenienshominiamicoest,
681 3729 781 3794 Vosaii3
794 3730 847 3783 duo
859 3737 971 3784 coneraia
985 3736 1088 3801 leugae.

132 3811 179 3864 ista
198 3821 250 3862 tarn
269 3806 389 3860 immanis
400 3803 539 3873 adaperitas
555 3825 631 3858 men·
717 3828 741 3877 9.
767 3809 898 3860 Ceraunia.
925 3806 1060 3863 Ceraunia
1082 3818 1172 3864 montes

131 3886 178 3946 tis.
193 3897 222 3938 ut
230 3886 315 3939 doleat
323 3903 424 3954 poenam
432 3883 528 3937 Nasoni
540 3884 571 3936 ab
580 3884 632 3936 Au·
680 3896 742 3938 sunt
753 3886 867 3940 altissimi
880 3887 960 3955 Epiri.
977 3888 1111 3943 Dicuntur
1118 3905 1172 3957 quo·

132 3975 206 4032 gusto
218 3965 355 4034 irrogatam
367 3983 421 4018 esse
432 3961 499 4014 infra
510 3962 566 4028 ejus
576 3981 633 4014 me·
681 3982 732 4030 que
751 3966 944 4016 Acroceraunia.
961 3965 1098 4033 Lucanus,
1116 3965 1171 4018 libro

132 4040 220 4094 ritum.
236 4043 326 4110 Quare
338 4041 469 4096 adsentior
481 4036 633 4107 Tanaquillo
683 4051 775 4107 quarto
793 4044 945 4108 :Scopulosa
964 4048 1089 4099 Ceraunia
1103 4050 1171 4098 aare

133 4118 219 4171 Fabro
228 4120 365 4187 reponenti
373 4124 456 4184 daces,
464 4138 511 4189 pro
516 4121 591 4172 dolas.
598 4117 634 4170 H·
681 4120 782 4173 damma
791 4125 883 4173 timent.
