2624 4816
94 276 102 297 x
223 154 249 247 l

138 406 204 490 488
479 412 583 479 NIC.
610 414 862 485 HEINSIUS

138 550 271 643 Ingeret
288 551 351 623 boc
369 551 505 652 populis
523 552 650 627 facinus
666 555 720 655 pia
736 556 821 631 sama
835 560 1045 637 notandum:

189 667 290 742 Saeela
310 669 360 743 sui
379 697 508 743 eausam
526 689 659 770 postera
675 673 758 746 vatis
775 692 881 768 agent.

140 785 179 856 In
198 801 230 857 te
249 783 388 857 Helicon
409 784 602 887 Pimpleque
620 788 730 861 minax
745 788 814 862 sera
829 787 917 864 bella
931 819 1128 869 movemus:
1249 868 1252 873 .

191 899 280 972 Hinc
298 929 338 973 en
357 900 444 974 dicta
461 901 542 990 tibi,
562 903 673 976 Cesar
687 904 820 1006 inique,
838 906 915 1004 fuga
931 926 994 982 est.
1179 950 1206 1005 9¹·

143 1012 345 1109 Sacrilegum
363 1015 443 1090 flent
461 1018 559 1091 Musa
576 1017 667 1092 nefas
684 1036 788 1093 atrata
806 1019 1012 1124 Cbarisque:
1045 1100 1048 1105 ,

191 1133 269 1231 Ipse
288 1129 435 1206 Palatina
456 1132 513 1205 flet.
527 1134 628 1207 miser
643 1135 710 1208 aede
724 1137 832 1223 Deus3

143 1248 282 1320 Pectora
300 1274 377 1320 narn
395 1246 480 1320 nulli
498 1250 693 1348 praesentior
706 1251 792 1346 egit,
811 1269 845 1325 et
860 1253 983 1328 hausto
1083 1252 1086 1256 ’

191 1365 334 1459 Largius
351 1365 469 1438 Aoniae
483 1365 577 1438 fonte
591 1366 711 1463 rigavit
726 1397 830 1469 aquae.
1017 1364 1021 1369 ¹

32 1505 40 1521 ³
106 1484 213 1583 *Nec
233 1482 316 1555 duce
333 1501 522 1583 semystam
539 1483 719 1583 profugum
736 1484 1064 1576 defraudat,etuna
1184 1509 1212 1579 qt

194 1600 283 1673 Visit
301 1599 548 1700 Hyperboream
566 1629 632 1673 non
650 1629 758 1673 notus
772 1601 895 1702 hospes
905 1602 1059 1679 humum.

73 1770 75 1774 ν
145 1714 309 1788 Exsilium
330 1718 462 1789 Nasone
478 1715 541 1788 fuit
560 1714 624 1787 sibi
643 1717 750 1788 Roma
768 1736 910 1810 negato,

196 1832 290 1904 Orba
309 1830 358 1902 sui
377 1849 512 1916 cantus,
532 1830 674 1929 pectinis
692 1831 774 1905 orba
790 1832 852 1905 sui.

147 1952 262 2023 lllente
281 1966 387 2020 tarnen
404 1946 482 2020 forti
501 1975 657 2041 magnum
677 1947 817 2021 tolerare
832 1948 1000 2038 dolorem,

150 2096 170 2130 ν
198 2065 348 2137 Sustinet
366 2062 509 2134 infandis
526 2080 559 2136 ct
577 2091 747 2163 superesse
763 2062 868 2137 malis.

149 2180 215 2254 Hei
230 2179 330 2252 mihil
349 2196 415 2251 tam
434 2179 523 2252 durae
540 2179 700 2277 posituris
718 2180 839 2253 moeuia
856 2178 948 2275 genti

198 2298 370 2371 Fratribus
389 2296 534 2369 altricem
549 2296 616 2394 jartr
634 2294 741 2394 liquet
759 2323 829 2369 esse
844 2294 967 2396 lupam.
1064 2390 1067 2396 Ι

150 2417 297 2489 Barbara
313 2414 580 2487 barbariae'nuuc
599 2412 742 2485 Romula
761 2413 859 2485 turba
874 2430 1036 2502 vocetur,

200 2533 314 2606 Vincit
331 2532 527 2609 inhumanos
542 2528 758 2629 quaeferitate
776 2529 887 2601 Getas.

155 2651 352 2725 Cimmerius
367 2647 582 2745 tenebrasque
597 2649 672 2718 suas
685 2645 901 2746 hyememque
918 2645 1030 2740 fugari

202 2771 332 2840 Pontus
348 2765 522 2836 inadsueta
536 2761 620 2834 vatis
636 2761 677 2834 ab
696 2761 773 2856 igne
790 2777 911 2861 stupet.

154 2886 302 2980 Pignora
319 2896 441 2982 quanta
460 2877 531 2965 sui,
549 2894 710 2977 quantum
729 2876 909 2948 committit
924 2875 1050 2950 alumni

206 3001 360 3077 Numinis
378 3003 502 3072 Arctoo
522 2994 639 3069 Cirrha
654 2994 799 3090 benigna
816 2993 918 3066 mari!

159 3125 305 3196 Caesareo
324 3144 395 3189 sese
412 3111 563 3188 facundia
579 3110 716 3184 fulmine
733 3111 838 3208 major

207 3236 318 3333 Erigit
334 3236 369 3307 in
385 3232 500 3306 mediis
518 3229 768 3330 exstimulatque
784 3228 887 3302 malis.

159 3359 239 3432 Vim
255 3355 387 3429 citharae
402 3378 585 3451 nervosque
602 3377 707 3422 novos
724 3346 857 3419 adversa
876 3345 1066 3418 ministrant
1080 3374 1089 3433 ;

210 3475 390 3573 Gratiaque
407 3486 530 3562 argutae
546 3466 692 3539 luctibus
705 3462 801 3538 aucta
816 3462 896 3563 lyrae
911 3478 969 3547 est.

162 3598 289 3695 Aspera
306 3590 461 3663 lectorem
481 3582 629 3684 quamvis
645 3600 679 3655 et
695 3609 803 3654 amara
822 3577 960 3680 querelae

213 3711 319 3812 Copia
337 3707 517 3792 delectant,
536 3721 568 3776 et
584 3701 655 3775 sine
672 3700 737 3773 fine
753 3697 858 3772 dolor.
885 3750 887 3754 -

163 3829 339 3926 Ingenium
355 3823 507 3926 lacrymis
523 3847 583 3899 nec
600 3815 740 3890 amabile
758 3816 903 3927 carpitur
919 3809 1018 3914 ipsis,

216 3945 365 4046 Quaeque
384 3944 516 4017 trahant
531 3932 965 4033 animosrincula'plangor
981 3933 1094 4005 babet.

166 4057 238 4152 Sic,L
257 4066 379 4137 instare
397 4061 511 4134 videns
526 4059 590 4159 jam
610 4055 692 4141 fatay
711 4052 883 4154 Caystrius
895 4051 964 4125 ales

213 4182 281 4254 Ore
300 4195 411 4264 cavet,
432 4175 566 4248 tacitum
584 4199 626 4245 ne
645 4168 711 4242 sibi
727 4167 827 4241 funus
844 4181 905 4241 eat.
