2624 4816
254 395 520 465 TRISTIUM
550 396 646 464 LIB.
678 397 747 465 IV.
779 397 1045 467 ELEG.V11.
1118 402 1180 468 185

166 537 275 611 Missa
289 536 351 623 sit,
369 537 404 608 in
420 552 551 608 nostras
568 534 660 609 nulla
677 535 930 612 venire'manus.

115 651 215 725 Mille
232 669 341 725 tamen
359 680 473 725 causas
491 651 663 725 scribendo
679 651 773 724 vince
788 651 994 752 frequenter,
1151 677 1185 729 25

169 768 333 841 Excusem
352 796 392 840 ne
411 785 442 840 te
460 795 604 869 semper,
621 768 743 857 amice,
759 767 850 841 mihi.

152 939 193 1004 24.
206 939 286 992 Nulla
297 942 388 989 venire.
401 935 476 991 Olim
485 937 629 1005 editi‚rara
677 941 713 990 da
723 938 794 991 alius.
806 939 886 1004 Mox,
898 941 972 993 Mille
983 942 1081 1008 quidem
1092 958 1187 994 causas
1207 936 1210 941 ’

119 1020 223 1078 neuim
240 1014 287 1068 sed
298 1016 422 1069 Heinsius
435 1036 467 1068 ex
480 1014 580 1069 duobus
592 1014 629 1067 li-
679 1016 1186 1087 Mor.scrideastuor'ncelunianNostri,

120 1094 174 1148 bris
180 1097 252 1146 uulla
257 1093 386 1162 reposuit;
389 1113 476 1161 pauca
484 1112 567 1158 unus;
581 1103 630 1145 tar·
678 1103 761 1146 tamen
769 1106 796 1147 et
806 1099 937 1149 scabendo
948 1101 1028 1151 cruce.

119 1259 1180 1295 Ἢ

454 1397 686 1483 acuam
717 1332 856 1485 ium.

458 1740 854 1810 ARGUMENTUM.

131 1904 381 1976 Quinquagenarius
394 1916 472 1974 poeta
485 1907 619 1976 queritur,
638 1926 666 1960 se
686 1906 740 1975 jam
757 1920 893 1959 canescere
912 1903 939 1956 iu
958 1902 1133 1958 infelicissima
1144 1922 1193 1956 re·

160 1991 255 2062 gione,
277 2009 310 2043 eo
331 2001 467 2058 tempore,
493 2010 545 2060 quo
563 1991 617 2043 frui
639 1989 770 2043 debuisset
788 1989 885 2056 patria,
912 1988 1042 2042 carissima
1060 1988 1194 2056 conjuge,

162 2073 268 2140 amicis,
289 2083 337 2127 etc.
352 2074 421 2142 Quae
435 2073 457 2125 si
473 2072 536 2124 olim
551 2092 566 2126 a
586 2072 715 2139 Delphico
733 2072 838 2125 oraculo
850 2111 857 2138 ,
870 2082 915 2125 aut
924 2071 1061 2125 Dodonaea
1073 2070 1194 2124 columba

160 2158 253 2211 futura
266 2156 421 2225 accepisset,
433 2173 499 2207 vana
514 2155 575 2208 dicit
588 2174 615 2208 se
628 2174 659 2207 ea
673 2174 796 2224 responsa
807 2156 1015 2209 existimaturum
1026 2154 1104 2208 luisse
1115 2173 1121 2207 :
1134 2156 1195 2207 cla-

162 2240 316 2307 rissimaque
328 2236 458 2290 sententia
470 2236 545 2290 docet
552 2275 560 2304 ‚
572 2235 637 2289 nibil
646 2248 700 2290 tam
712 2237 827 2291 validum
836 2257 906 2305 esse,
918 2237 987 2307 quod
998 2256 1053 2290 uon
1063 2238 1195 2308 subjaceat

162 2322 258 2376 divinae
272 2321 399 2375 voluntati
411 2341 440 2374 ac
457 2321 589 2389 potentiae.
598 2323 737 2374 Postremo
745 2333 851 2376 caeteros
863 2322 1006 2388 admonet,
1022 2331 1053 2374 ut
1060 2321 1138 2389 ipsius
1146 2339 1195 2372 ca-

161 2406 231 2460 sibus
250 2406 361 2471 moniti,
381 2406 548 2476 Augustum,
568 2405 643 2474 eujus
659 2408 777 2475 potentia
790 2425 837 2475 par
854 2417 894 2458 est
911 2405 970 2458 Diis
986 2403 1194 2470 immortalibus,

162 2488 358 2544 demereantur.

133 2618 165 2724 J
166 2667 224 2723 ΑΜ
240 2674 313 2719 mea
330 2673 468 2745 cycneas
485 2644 656 2739 imitantur
672 2663 821 2745 tempora
839 2644 988 2745 plumas,

160 2763 291 2857 ¹lulicit
308 2779 340 2834 et
356 2761 467 2856 nigras
484 2789 563 2834 cana
580 2777 708 2834 senecta
726 2789 856 2834 comas:

136 2885 208 2957 lam
226 2879 372 2954 subeunt
387 2880 464 2951 anni
481 2876 633 2972 fragiles,
650 2895 683 2950 et
698 2877 836 2950 inertior
851 2895 947 2965 actas3

182 2999 325 3096 Jamque
341 3023 456 3096 parum
473 2992 570 3067 firmo
586 3021 639 3067 me
657 2993 739 3085 mihi
755 2993 838 3067 ferre
857 3021 953 3088 grave
969 3011 1028 3069 est.
1111 3038 1114 3044 ·

138 3114 232 3188 Nunc
251 3129 337 3200 erat,
353 3129 392 3184 ut
409 3110 519 3211 posito
535 3109 688 3182 deberem
703 3108 768 3182 fine
783 3109 936 3184 laborum

183 3229 319 3318 Vivere,
337 3257 389 3302 me
405 3225 499 3299 nullo
514 3223 711 3300 sollicitante
726 3244 816 3300 metu
829 3255 837 3313 ;

141 3348 289 3447 Quaeque
303 3372 383 3416 meae
397 3370 526 3441 semper
541 3340 737 3442 placuerunt
752 3343 820 3418 otia
833 3342 956 3432 menti,

186 3465 349 3562 Carpere,
366 3476 400 3531 et
416 3459 450 3530 in
465 3450 586 3531 studiis
603 3456 747 3531 molliter
764 3486 832 3531 esse
848 3457 950 3545 meis;

141 3578 182 3650 Et
193 3602 329 3678 parvam
342 3571 505 3647 celebrare
523 3570 676 3658 domum,
695 3588 885 3672 veteresque
897 3571 1054 3658 Penates,

171 3766 195 3799 a.
208 3746 281 3799 Alba
291 3751 394 3796 senecta
407 3756 499 3795 comas.
513 3742 566 3795 Hic
578 3760 647 3811 quo-
697 3742 728 3797 C.
739 3772 772 3785 -
783 3747 856 3797 Cana
865 3753 966 3797 senecta
978 3741 1118 3794 Hasniens.
1128 3740 1204 3808 cujus

144 3842 188 3892 que
195 3823 268 3876 idem
276 3823 338 3875 dicit
346 3820 415 3890 quod
423 3819 551 3890 superiori
558 3839 647 3877 versu:
696 3832 760 3889 puto
772 3828 797 3876 τὲ
806 3826 867 3874 alba
878 3840 932 3874 esse
942 3821 1060 3889 glossam.
1071 3819 1204 3873 Bonas.-

146 3905 202 3955 Jam
210 3917 391 3971 arreracycueas,¹
401 3909 427 3951 et
435 3899 462 3950 in
470 3897 588 3967 aliisquae
597 3909 648 3952 sta·
697 3901 786 3955 Nostri
795 3912 884 3954 tamen
896 3904 956 3953 alba
971 3898 1123 3968 praeierunt.

147 3980 190 4033 tim
197 3988 352 4049 sequuntur.
357 3977 452 4030 Tibull.
464 3975 507 4029 lib.
515 3978 552 4043 ll,
561 3977 601 4030 El.
614 3994 646 4049 11,
728 3982 752 4032 5.
767 3981 803 4032 Ur
808 3984 893 4048 posr'to
904 3980 1017 4030 deberem
1017 3979 1074 4045 fiae
1084 3980 1204 4032 laborum.

148 4076 208 4112 rere.
224 4079 256 4131 ¹9
267 4076 314 4128 sq:
333 4079 348 4104 α
363 4055 428 4109 dum
441 4055 515 4110 tarda
527 4067 646 4111 senectus
696 4057 797 4123 Forte,
813 4061 901 4125 posita
918 4058 1028 4107 deberem
1033 4059 1091 4124 fiae
1105 4059 1202 4122 laboris

151 4135 254 4194 luducat
267 4156 354 4210 rugas,
365 4135 516 4204 inficiatque
528 4155 646 4191 comas.»
690 4141 778 4202 posr'ta
789 4143 819 4188 ut
832 4133 929 4189 vitetur
942 4132 1103 4203 ambiguitas.
1117 4135 1155 4188 H.
1183 4204 1186 4209 Δ
