2662 4830
134 404 197 497 ¹94
407 403 446 467 v.
479 401 658 469 ovrnn
684 401 917 469 nasonrs

129 545 223 644 Saepe
240 571 320 617 suos
336 541 455 615 solitus
471 541 606 615 recitare
621 541 816 641 Propertius
834 542 947 637 ignes,

177 660 257 731 Jure
276 654 420 729 sodalitii
438 656 496 756 qui
513 655 595 728 mibi
608 651 744 754 junctus
760 674 848 730 erat:

128 772 290 848 Ponticus
306 771 429 857 heroo,
448 773 571 845 Bassus
586 800 721 872 quoque
739 773 846 849 clarus
864 775 976 848 iambo

176 889 296 963 Dulcia
313 889 483 963 convictus
497 889 644 962 membra
661 890 751 964 suere
768 891 853 965 mei:

127 1007 174 1079 Et
191 1004 297 1078 tenuit
311 1022 443 1078 nostras
460 1032 655 1078 numerosus
670 1005 831 1078 Horatius
849 1036 960 1097 aures,
1016 1053 1022 1071 κ

175 1122 267 1194 Dum
283 1119 360 1194 serit
376 1119 528 1193 Ausonia
545 1119 687 1194 carmina
703 1120 791 1194 culta
808 1120 897 1222 lyra:

27 1239 33 1259 ⁸
127 1236 306 1331 Virgilium
322 1235 390 1308 vidi
409 1253 556 1322 tantum;
573 1264 635 1308 nec
652 1264 745 1309 avara
759 1236 896 1311 Tibullo

175 1352 322 1451 Tempus
339 1349 489 1421 amicitiae
506 1349 572 1422 lata
590 1348 708 1423 dedere
724 1379 813 1424 mere.
877 1407 879 1412 ,

127 1464 304 1539 Successor
319 1465 384 1538 suit
399 1465 454 1537 hic
473 1465 556 1550 tibi,
577 1464 689 1554 Galle;
708 1468 905 1568 Propertius
922 1466 990 1541 illi:

176 1586 326 1682 Quartus
344 1583 386 1656 ab
403 1581 457 1656 his
474 1581 557 1655 serie
577 1583 736 1683 temporis
752 1584 824 1684 ipse
844 1584 903 1658 fui,

126 1703 238 1799 thue
258 1729 319 1793 ego
336 1699 492 1796 majores,
511 1697 558 1772 sic
575 1726 627 1770 me
644 1697 775 1773 coluere
791 1700 959 1787 minores3

174 1818 328 1915 Notaque
344 1840 414 1889 non
433 1812 524 1886 tarde
543 1812 627 1886 sacta
640 1813 758 1887 Thalia
774 1842 845 1887 mea
861 1832 921 1888 est.

127 1933 281 2007 Carmina
300 1959 402 2030 quum
419 1929 564 2029 primum
582 1929 712 2029 populo
727 1930 883 2027 juvenilia
899 1929 984 2025 legi,

140 2112 150 2127 ,
175 2043 283 2118 Barba
299 2061 422 2118 resecta
439 2042 521 2115 mibi
539 2042 631 2116 bisve
650 2043 788 2116 semelve
806 2044 888 2117 luit:

129 2165 283 2237 Moverat
299 2159 487 2256 ingenium,
506 2175 609 2231 totam
624 2175 749 2232 cantata
767 2187 827 2258 per
843 2157 977 2246 urbem,

174 2277 316 2371 Nomine
333 2302 401 2347 non
418 2302 496 2347 vero
516 2272 601 2346 dicta
619 2272 764 2346 Corinna
781 2273 874 2345 mihi.
1166 2299 1205 2351 σο

126 2392 387 2493 Multa'quidem
403 2389 543 2490 scripsi:
560 2382 620 2481 sed
638 2419 710 2490 quae
725 2388 842 2465 vitiosa
859 2390 992 2491 putavi,

125 2554 164 2598 est
179 2563 185 2596 ε
201 2542 244 2611 qui
261 2542 272 2609 (
286 2551 316 2593 ut
331 2539 420 2593 scribit
437 2539 587 2605 Eusebius)
604 2539 637 2592 30
685 2543 754 2591 culta
764 2540 923 2609 (yrqunr'a
934 2542 990 2610 lyra
1001 2549 1118 2607 quatuor
1128 2552 1195 2594 vete-

125 2618 273 2692 olympiade
288 2619 314 2670 in
328 2618 388 2670 Asia
400 2616 493 2685 periit:
506 2615 564 2668 vide
573 2615 638 2668 Sca·
685 2635 744 2669 res:
756 2635 790 2668 an
800 2619 886 2670 AEolia
895 2621 974 2688 lyra?
985 2619 1116 2672 Horatius
1129 2619 1162 2674 de
1172 2641 1195 2676 se

124 2700 169 2769 lig,
181 2708 250 2768 poet.
260 2695 302 2747 lib.
316 2694 371 2761 Vl,
384 2713 438 2763 cap.
450 2694 472 2747 5.
686 2693 762 2763 ipso,
780 2694 823 2746 lib.
840 2695 866 2748 ll
881 2735 888 2761 ,
906 2694 959 2749 Od.
976 2712 1051 2763 xxx,
1067 2715 1136 2750 vers.
1154 2716 1194 2752 10:

158 2779 325 2845 47.Pontr'cus
335 2777 416 2827 heroo.
427 2773 636 2841 Ponticuspoeta
687 2771 804 2838 «Dicar,
821 2791 872 2841 qua
883 2773 982 2827 violens
997 2773 1127 2844 obstrepit
1142 2777 1200 2831 Au-

127 2855 234 2910 beroico
244 2853 360 2905 carmine
370 2851 527 2906 Thebanum
539 2850 637 2904 bellurn
686 2849 766 2916 fidus,
779 2851 906 2920 Princeps
917 2852 1033 2904 AEolium
1044 2873 1156 2908 carmen
1167 2858 1197 2909 ad

125 2933 472 3000 scripsit.-Battusquoque
484 2932 637 2981 clarusr‘am·
686 2930 763 2984 Italos
779 2931 922 2984 Deduxisse
941 2932 1042 2985 modos.
1061 2956 1074 2978 v
1094 2934 1200 2990 AEolica

125 3021 165 3069 bo.
180 3014 230 3067 Alii
240 3015 368 3066 Bacchus.
384 3012 453 3080 Lege
466 3012 566 3063 Bassus
572 3013 637 3076 pede
685 3009 758 3061 enim
777 3008 886 3062 dialecto
905 3011 976 3082 brici
994 3012 1071 3079 greci
1089 3015 1200 3080 potissi—

124 3100 211 3149 clarus
221 3096 311 3145 iambo.
324 3092 421 3145 Noster
434 3091 528 3143 alibi.«
540 3091 638 3158 Jungi-
686 3106 761 3140 mum
777 3089 816 3140 usi
835 3109 841 3140 :
860 3088 921 3141 hinc
933 3093 1019 3142 AEolia
1035 3093 1099 3160 lyra.
1116 3091 1155 3145 H.
1168 3119 1201 3133 --

126 3182 171 3226 tur
178 3171 275 3223 herous
286 3188 346 3222 cum
360 3167 478 3220 breviore
491 3165 557 3237 pede
568 3187 575 3228 ;
585 3188 597 3210 v
610 3176 637 3218 et
686 3166 831 3232 Dumserr‘t.
843 3166 917 3219 Dum
930 3166 1029 3237 plectro
1041 3168 1156 3223 chordas
1164 3170 1201 3224 fe·

125 3248 154 3301 in
174 3248 273 3313 Fastis,
286 3246 329 3300 lib.
344 3246 388 3313 ll,
402 3264 438 3297 vs.
454 3246 500 3296 rati
515 3263 521 3296 :
535 3265 548 3287 «
562 3242 636 3295 heroi
685 3244 889 3309 riendocantat;
903 3244 952 3298 hoc
960 3255 1013 3312 est,
1026 3244 1090 3298 dum
1099 3248 1201 3316 pariter

124 3339 238 3382 reserat
254 3327 302 3380 ista
317 3325 397 3395 pedis.
413 3346 427 3371 η
443 3323 569 3376 Meminit
582 3332 636 3375 tam
684 3335 762 3378 sonat
772 3325 841 3397 lyra,
854 3335 881 3378 et
893 3336 982 3380 cantat
993 3325 1120 3381 carmina.
1155 3388 1161 3397 Ι

124 3407 197 3460 Bassi
205 3424 291 3481 'quam
306 3402 409 3459 Pontici
420 3411 558 3470 poetarum
568 3401 636 3455 Pro·
719 3412 758 3461 51,
771 3408 825 3462 Nec
837 3406 992 3475 aparasm
1006 3409 1063 3462 Nec
1074 3407 1200 3465 Deorum

125 3485 234 3554 pertius.
247 3483 284 3535 H.
684 3484 831 3538 voluntates
847 3505 854 3548 ;
875 3504 938 3554 quas
957 3485 1017 3538 ideo
1033 3506 1129 3541 avaras
1148 3488 1201 3542 ad—

157 3566 197 3632 48,
209 3566 307 3615 Dulcia
317 3564 453 3613 conrr‘ctus.
463 3557 635 3612 Convictores
684 3562 778 3632 pellat,
793 3564 919 3631 quoniam
935 3563 1045 3616 celerius
1059 3564 1200 3620 Tibullum

125 3645 178 3696 mei
189 3642 316 3707 luerunt,
331 3642 441 3708 ὁμόσιτοι.
684 3650 845 3709 rapuerunt,
861 3661 941 3709 quam
953 3641 992 3694 ias
1010 3652 1067 3695 erat
1079 3662 1086 3695 ε
1098 3643 1201 3697 admo-⁴

158 3724 198 3795 49.
210 3720 333 3775 Horatius
343 3738 496 3772 numerosus.
509 3716 635 3772 Horatius
684 3716 749 3770 dum
761 3718 832 3770 enirn
846 3719 948 3788 juvenis
963 3720 1048 3790 periit.

124 3800 331 3871 optimuspoeta,
340 3798 402 3850 vela
410 3795 541 3866 copia‚vel
547 3796 578 3848 ab
586 3794 636 3847 ele·
719 3798 758 3848 52.
775 3799 881 3864 Tempus
892 3802 1020 3850 amicilia.
1032 3796 1108 3866 Quia
1120 3800 1201 3869 periit

124 3878 213 3948 gantia
223 3895 379 3930 numerosus
389 3876 489 3938 dictus;
503 3872 542 3926 vel
554 3872 634 3925 etiarn
683 3894 726 3928 me
743 3893 847 3944 puero,
867 3887 913 3930 aut
930 3886 1074 3945 antequam
1092 3897 1201 3946 possem

125 3975 140 4009 a
153 3955 278 4008 varietate
290 3974 467 4008 numerorum
479 3972 508 4006 ac
519 3949 633 4020 pedum,
684 3972 746 4006 eum
755 3952 852 4008 videre.
861 3953 912 4007 Alii
924 3966 1015 4008 tamen
1026 3955 1141 4024 volunt,
1153 3979 1202 4013 eo-

125 4053 191 4103 qnos
207 4033 286 4105 lyrica
297 4046 387 4092 ,metra
400 4032 539 4102 recipiunt.
551 4030 635 4084 Natu·
684 4030 745 4085 dem
753 4050 833 4100 anno,
841 4043 867 4086 et
875 4033 968 4087 eadem
978 4033 1019 4087 die
1028 4053 1090 4088 cum
1097 4034 1201 4091 ovidio

123 4122 163 4165 est
175 4123 235 4165 ante
243 4110 373 4166 Ovidium
384 4106 460 4165 annis
471 4130 509 4162 aa.
683 4120 784 4163 natum.
798 4111 878 4164 Unde
893 4122 973 4165 exstat
986 4110 1078 4166 Ovidii
1091 4102 1125 4168 de
1139 4117 1200 4187 ejus

157 4193 197 4242 50.
214 4192 282 4243 Dum
294 4191 362 4257 fierit
381 4190 499 4243 Ausonia
521 4191 635 4239 carmina
684 4199 770 4241 morte
783 4186 889 4257 Elegia3
905 4189 964 4241 vot.
978 4190 1005 4242 Il
1016 4229 1023 4254 ,
1035 4209 1092 4262 pag.
1109 4193 1163 4263 198.
