2624 4816
126 437 1190 477 Μ

503 608 800 715 HEINSII

407 851 889 925 rnnrrrruncum.
913 908 919 927 s

116 1041 169 1144 ln
184 1084 364 1169 castigandis
379 1086 462 1148 hisce
480 1087 567 1148 libris
582 1088 700 1149 codices
714 1090 799 1150 fuere
814 1087 892 1149 mihi
908 1101 1016 1171 presto
1038 1087 1197 1173 aliquanto

116 1191 291 1253 vetustiores
305 1193 360 1268 iis,
376 1215 451 1276 quos
461 1195 571 1254 Tristia
579 1193 806 1276 suppeditarunt
819 1220 826 1271 ;
845 1216 942 1277 neque
958 1193 1006 1255 illi
1017 1209 1122 1258 tamen
1131 1195 1197 1279 ejus

100 1278 210 1375 notar,
229 1311 280 1359 aut
295 1300 494 1374 auctoritatis,
515 1315 547 1361 nt
563 1314 695 1360 exactam
710 1301 785 1362 locis
801 1300 879 1361 male
895 1300 1039 1377 adfectis,
1057 1302 1114 1384 qui
1125 1299 1197 1384 plu-

113 1404 186 1464 rimi
212 1407 322 1487 passim
344 1406 395 1467 hic
413 1405 478 1468 illic
502 1407 686 1484 obcurrunt,
705 1407 888 1469 medicinam
912 1407 1051 1467 fecerint.
1076 1408 1198 1480 Primus

116 1509 252 1571 omnium
268 1512 539 1573 commendandum
554 1533 585 1573 se
601 1513 692 1574 offert
716 1514 788 1573 Viri
806 1515 898 1595 Amp.
917 1511 1041 1573 Claudii
1059 1503 1197 1574 sarravii

116 1615 211 1676 codex
225 1614 380 1694 Gallicus,
398 1632 466 1679 ante
483 1639 577 1680 annos
593 1620 778 1701 octingentos
795 1634 952 1696 exaratus;
970 1619 1024 1680 sed
1048 1619 1196 1681 mendose

24 1784 26 1789 ,
116 1720 297 1797 admodum,
316 1745 373 1784 nec
389 1724 441 1784 ille
456 1726 593 1806 integer,
607 1741 641 1785 ut
654 1727 708 1807 qui
721 1727 753 1786 in
767 1724 872 1807 Elegia
884 1724 1016 1787 secunda
1028 1725 1113 1786 tertii
1125 1724 1196 1786 libri

115 1826 267 1889 deficeret.
279 1829 455 1891 Proximum
465 1844 608 1891 vetustate
617 1832 823 1912 Argentorate
832 1831 1018 1892 bibliothecae
1027 1829 1193 1912 exemplar,

116 1933 197 2016 quod
206 1955 356 1993 annorum
366 1935 486 1995 circiter
495 1936 749 2018 septingentorum
762 1937 881 1998 senium
895 1957 957 2019 prae
973 1957 1005 1998 se
1020 1937 1118 1998 ferret
1135 1961 1143 1996 ε
1162 1935 1194 1996 in

116 2058 152 2098 eo
162 2037 240 2098 liber
251 2052 376 2120 quartus
388 2060 460 2124 cum
468 2055 552 2122 parte
561 2042 641 2102 tertii
652 2042 909 2104 desiderabantur.
922 2045 986 2104 Nec
1001 2057 1085 2104 aetate
1100 2043 1193 2104 multo

116 2143 268 2204 inferioris
278 2164 315 2203 ex
323 2144 464 2207 Mediceis
474 2168 569 2221 unus,
582 2147 761 2210 nobilissimi
774 2149 898 2231 Rogerii
908 2148 1079 2210 Twisdenii
1089 2149 1193 2232 equitis

116 2251 255 2310 Baroneti
276 2249 381 2310 itidem
402 2274 480 2313 unus
502 2254 672 2335 Anglicus;
691 2271 720 2316 et
735 2256 865 2338 Remigii
882 2254 1003 2316 Feschii
1020 2257 1064 2316 V.
1082 2256 1187 2317 (ilaris.

117 2353 223 2417 codex.
238 2359 308 2418 Post
319 2356 388 2434 hos,
403 2358 518 2440 primus
531 2361 702 2434 Vaticana,
715 2361 893 2422 Basileensis
903 2360 1073 2436 secundus,
1090 2361 1190 2422 tertius

117 2464 326 2540 Farnesianae,
348 2479 472 2547 quartus
488 2465 678 2542 Barberinae,
696 2465 921 2547 Gottorphianae
936 2466 1077 2546 quintus,
1094 2477 1188 2526 sextus

117 2585 146 2631 et
161 2572 304 2653 septimus
320 2572 518 2647 Hafniensis,
549 2572 648 2651 Regiae
663 2571 697 2628 in
719 2569 828 2629 Galliis
851 2584 972 2630 octavus
991 2568 1186 2632 bibliothece.

116 2676 262 2737 Praeterea
278 2699 357 2738 unus
373 2679 576 2737 Puteanorum
593 2675 740 2749 fratrum,
759 2675 834 2734 alter
859 2674 1040 2737 balthasaris
1056 2677 1184 2752 Moreti,

117 2783 221 2864 tertius
237 2787 279 2845 V.
298 2783 345 2844 Cl.
364 2781 486 2842 Patricii
499 2780 596 2842 Junii.
613 2780 657 2839 Hi
674 2795 742 2841 ante
757 2781 988 2864 quadringentos
1006 2826 1015 2855 ,
1034 2795 1086 2841 aut
1101 2781 1186 2865 quin-

118 2902 222 2968 gentos
239 2910 334 2950 annos
352 2888 478 2949 exarati.
496 2887 618 2970 Reliqui
643 2900 720 2947 notae
745 2886 940 2960 recentioris3
958 2885 1098 2947 Thuanei
1111 2886 1203 2958 duo,=

117 2993 241 3056 totidem
257 2995 402 3069 Medicei,
427 2995 611 3056 Comhianus
628 3015 727 3066 nnus,
753 3013 804 3054 sex
824 2992 987 3067 Vaticani,
1013 2990 1097 3068 duo,
1119 3010 1185 3076 quos

118 3098 324 3161 munificentia
338 3102 381 3160 V.
403 3102 443 3162 A.
459 3099 604 3161 Bernardi
626 3099 761 3160 Medonii
787 3099 931 3159 senatoris
955 3096 1100 3160 Tolosani
1121 3119 1185 3182 pos·

118 3205 219 3282 sideo,
235 3219 296 3265 tres
309 3205 468 3280 Vossiani,
487 3227 565 3266 unus
579 3206 760 3281 Batavinus,
780 3220 810 3266 et
819 3203 972 3265 Leidensis
987 3204 1182 3281 bibliothece,

119 3325 149 3373 et
160 3310 471 3393 Rottendorphianus,
485 3326 514 3373 et
522 3311 753 3372 Boxhornianus
765 3357 773 3386 ,
787 3325 816 3371 et
824 3309 1023 3390 Arondelius,
1036 3326 1066 3372 et
1077 3334 1095 3372 a
1105 3314 1186 3374 Petro

121 3419 226 3480 Servio
237 3418 357 3478 Medico
366 3420 503 3479 Romano
512 3417 588 3478 mihi
604 3418 741 3480 donatus.
756 3418 913 3500 Denique,
927 3439 992 3501 quae
1006 3417 1121 3501 negligi
1135 3437 1185 3478 ne-

119 3547 270 3610 quaquam
283 3525 407 3600 debent,
417 3525 559 3586 lectiones
568 3524 691 3588 diversae
703 3547 741 3586 ex
754 3527 866 3608 optimo
882 3524 1103 3608 veterrimoque
1113 3523 1185 3586 libro

120 3631 158 3691 ad
173 3653 257 3693 oram
274 3633 458 3715 Gryphianae
467 3631 606 3692 editionis
622 3655 640 3692 a
655 3652 764 3714 magno
776 3632 930 3714 Scaligero
940 3644 1063 3709 notate,
1082 3645 1113 3696 et
1127 3630 1186 3694 aliae

119 3759 157 3800 ex
173 3741 307 3805 Mediceo
323 3739 508 3825 exemplari,
527 3762 588 3824 quo
599 3733 765 3803 Politianus
782 3762 853 3802 usus
869 3739 976 3801 fuerat.
