2624 4816
197 453 263 536 482
295 454 334 518 P.
352 451 482 521 OVID.
494 447 692 516 NASONIS
705 451 769 517 EX
782 450 940 518 ΡΟΝΤΟ
957 455 1024 521 IV.
1038 455 1113 524 ΕΡ.
1129 459 1225 528 XVI.

195 595 367 666 Matemos
387 591 504 664 Cottas
523 589 577 663 cui
593 588 832 692 Messallasque
848 610 1009 692 paternos

245 709 391 784 Maxima
408 706 566 781 nobilitas
584 705 786 800 ingeminata
804 707 904 783 dedit.

196 829 314 901 Dicere
332 827 360 898 si
379 826 428 899 las
447 844 517 913 est,
534 823 625 899 claro
641 853 712 898 mea
728 826 863 900 nomine
882 828 1000 917 Musa,

244 946 358 1044 Atq'ue
373 942 460 1015 inter
477 959 610 1028 tantos,
630 970 703 1042 quae
719 940 902 1038 legeretur,
920 963 1000 1018 erat.

191 1062 284 1154 Ergo
302 1059 497 1132 submotum
510 1055 619 1158 patria
631 1056 865 1157 proscindere,
886 1056 993 1148 livor,

243 1173 387 1258 Desiue3
404 1201 470 1245 neu
488 1171 615 1245 cineres
632 1198 772 1270 sparge,
791 1189 946 1259 cruente,
963 1199 1070 1247 meos.

194 1288 319 1361 Omnia
336 1286 543 1389 perdidimus
560 1315 568 1359 :
587 1286 821 1359 tantummodo
839 1288 907 1361 vita
920 1285 1035 1363 relicta
1052 1308 1128 1378 est,

240 1405 389 1481 Praebeat
404 1422 443 1482 ut
458 1431 591 1477 sensum
607 1404 844 1504 materiamque
858 1402 964 1477 malis.
1239 1431 1266 1482 so

191 1521 284 1619 Quid
301 1521 392 1618 juvat
409 1519 588 1593 exstinctos
605 1516 729 1592 ferrum
746 1517 909 1591 dimittere
925 1517 962 1590 in
979 1523 1104 1593 artus?

238 1640 316 1709 Non
334 1634 436 1708 habet
452 1637 489 1708 in
504 1635 606 1709 nobis
618 1635 685 1732 jam
702 1662 789 1708 nova
806 1633 904 1735 plaga
917 1633 1040 1708 locum.

92 1808 97 1813 ’
185 1807 366 1879 illacrymabili
384 1818 462 1859 nocte
483 1807 576 1875 pressit
597 1805 701 1858 oblivio.
751 1800 1261 1876 ducis.—RIe·ssaIIasqurpateraos.Mes·

186 1887 301 1940 Utinam
322 1885 365 1950 hi,
380 1882 421 1937 vel
436 1884 536 1952 optima
553 1895 624 1937 certe
643 1903 702 1953 pars
750 1885 823 1937 sallas
831 1895 998 1953 veroapatre
1010 1898 1135 1942 auctores
1144 1900 1172 1943 et
1181 1909 1259 1958 prope

186 1965 220 2018 ad
232 1984 281 2018 nos
298 1963 472 2034 pervenisset!
486 1972 513 2015 et
525 1960 568 2014 alii
579 1962 663 2030 inepti
675 1972 703 2014 et
750 1962 851 2016 nitores
863 1963 950 2016 habes.

186 2043 293 2097 inutiles
313 2043 373 2096 tisri
390 2041 494 2096 uternis
513 2042 628 2095 tenebris
648 2042 701 2095 de·
783 2043 822 2106 48.
842 2042 897 2095 Nec
911 2048 1009 2094 cineres
1018 2061 1131 2110 sparge,
1149 2056 1254 2108 cruente,

186 2124 268 2176 mersi
281 2122 451 2175 mansissent!
462 2149 496 2162 —
507 2123 702 2188 Praesrtir'umqne
749 2139 824 2172 meos.
833 2120 868 2173 Se
879 2120 951 2173 enim
958 2132 1118 2192 mortuum,
1132 2138 1163 2180 ut
1171 2127 1258 2180 abini-

179 2202 243 2270 sorr'.
263 2203 299 2256 Et
316 2202 399 2255 tutela
408 2219 533 2267 reorum,
548 2200 629 2269 quiin
639 2200 701 2252 foro
749 2199 787 2252 tio
798 2199 946 2268 profitetur.
1008 2254 1013 2264 ,

185 2279 700 2350 versantur3quorumpatrociniumrus·
772 2280 1257 2337 ⁵1.Ferrumdernittere.1)imirrereme-

185 2360 249 2429 cipis
260 2370 287 2412 et
298 2360 374 2427 juvas
387 2369 432 2410 tua
446 2357 604 2426 eloquentia.
748 2353 825 2408 liores
835 2377 842 2418 ;
853 2367 881 2409 et
889 2355 1051 2425 praecedenti
1061 2380 1144 2414 versu
1151 2366 1258 2430 malipro

218 2440 258 2505 43.
275 2440 407 2491 Maternus
423 2439 517 2490 Cottas.
531 2434 624 2488 Cottas
636 2435 698 2487 Ro-
747 2437 831 2486 malis.
843 2435 879 2488 ll.
888 2435 998 2488 Nostros
1009 2439 1096 2491 secani
1107 2459 1209 2507 sumus,
1219 2438 1257 2508 qui

186 2535 279 2570 manos
291 2535 308 2571 a
320 2516 415 2586 quibus
428 2534 477 2584 per
489 2523 603 2567 matrem
615 2532 698 2582 genus
746 2512 836 2566 ferunt
846 2517 938 2578 malis,
956 2523 984 2567 et
995 2517 1133 2570 dimittere.

406 2993 510 3037 etrus
541 2989 812 3034 metsrottttvm
840 2991 884 3032 Ex
911 2990 1052 3038 Ponte.
