<?xml version="1.0" encoding="UTF-8"?>
<!DOCTYPE html PUBLIC "-//W3C//DTD XHTML 1.0 Transitional//EN"
    "http://www.w3.org/TR/xhtml1/DTD/xhtml1-transitional.dtd">
<html xmlns="http://www.w3.org/1999/xhtml" xml:lang="en" lang="en">
 <head>
  <title>
</title>
<meta http-equiv="Content-Type" content="text/html;charset=utf-8" />
  <meta name='ocr-system' content='tesseract 3.04.00' />
  <meta name='ocr-capabilities' content='ocr_page ocr_carea ocr_par ocr_line ocrx_word'/>
</head>
<body>
  <div class='ocr_page' id='page_1' title='image "bibliothecaclas31lemagoog_0358.png"; bbox 0 0 2624 4816; ppageno 0'>
   <div class='ocr_carea' id='block_1_1' title="bbox 283 405 1172 502">
    <p class='ocr_par' dir='ltr' id='par_1_1' title="bbox 283 405 1172 502">
     <span class='ocr_line' id='line_1_1' title="bbox 283 405 1172 502; baseline 0.002 -25"><span class='ocrx_word' id='word_1_1' title='bbox 283 409 349 477; x_wconf 78' lang='lat' dir='ltr'>ux</span> <span class='ocrx_word' id='word_1_2' title='bbox 372 405 548 474; x_wconf 80' lang='lat' dir='ltr'>rouro</span> <span class='ocrx_word' id='word_1_3' title='bbox 572 407 670 472; x_wconf 81' lang='lat' dir='ltr'>uro.</span> <span class='ocrx_word' id='word_1_4' title='bbox 695 406 745 471; x_wconf 89' lang='lat'>11.</span> <span class='ocrx_word' id='word_1_5' title='bbox 771 405 936 474; x_wconf 79' lang='lat' dir='ltr'>arrsr.</span> <span class='ocrx_word' id='word_1_6' title='bbox 961 410 1006 476; x_wconf 90' lang='lat' dir='ltr'>v.</span> <span class='ocrx_word' id='word_1_7' title='bbox 1105 412 1172 502; x_wconf 78' lang='lat'>339</span> 
     </span>
    </p>
   </div>
   <div class='ocr_carea' id='block_1_2' title="bbox 114 543 1182 988">
    <p class='ocr_par' dir='ltr' id='par_1_2' title="bbox 114 543 1182 988">
     <span class='ocr_line' id='line_1_2' title="bbox 114 543 993 644; baseline -0.006 -19"><span class='ocrx_word' id='word_1_8' title='bbox 114 552 195 625; x_wconf 81' lang='lat' dir='ltr'>Non</span> <span class='ocrx_word' id='word_1_9' title='bbox 212 576 273 643; x_wconf 83' lang='lat' dir='ltr'>ego</span> <span class='ocrx_word' id='word_1_10' title='bbox 291 546 490 630; x_wconf 84' lang='lat' dir='ltr'>landandus,</span> <span class='ocrx_word' id='word_1_11' title='bbox 509 543 567 617; x_wconf 88' lang='lat' dir='ltr'>sed</span> <span class='ocrx_word' id='word_1_12' title='bbox 584 561 661 628; x_wconf 81' lang='lat' dir='ltr'>sunt</span> <span class='ocrx_word' id='word_1_13' title='bbox 676 560 732 617; x_wconf 90' lang='lat' dir='ltr'>tua</span> <span class='ocrx_word' id='word_1_14' title='bbox 744 561 876 644; x_wconf 85' lang='lat' dir='ltr'><strong>pectora</strong></span> <span class='ocrx_word' id='word_1_15' title='bbox 893 545 993 634; x_wconf 89' lang='lat' dir='ltr'>lacte,</span> 
     </span>
     <span class='ocr_line' id='line_1_3' title="bbox 166 658 753 737; baseline -0.01 0"><span class='ocrx_word' id='word_1_16' title='bbox 166 669 210 737; x_wconf 90' lang='lat' dir='ltr'>Et</span> <span class='ocrx_word' id='word_1_17' title='bbox 226 692 293 735; x_wconf 92' lang='lat' dir='ltr'>nou</span> <span class='ocrx_word' id='word_1_18' title='bbox 313 661 432 735; x_wconf 83' lang='lat' dir='ltr'>calcata</span> <span class='ocrx_word' id='word_1_19' title='bbox 448 658 638 734; x_wconf 81' lang='lat' dir='ltr'>candidiora</span> <span class='ocrx_word' id='word_1_20' title='bbox 655 658 729 732; x_wconf 86' lang='lat' dir='ltr'>nive</span> <span class='ocrx_word' id='word_1_21' title='bbox 746 687 753 731; x_wconf 93' lang='lat'>:</span> 
     </span>
     <span class='ocr_line' id='line_1_4' title="bbox 119 772 898 877; baseline -0.009 -23"><span class='ocrx_word' id='word_1_22' title='bbox 119 780 323 877; x_wconf 85' lang='lat' dir='ltr'>Mirarisque-</span> <span class='ocrx_word' id='word_1_23' title='bbox 336 775 435 860; x_wconf 88' lang='lat' dir='ltr'>alios,</span> <span class='ocrx_word' id='word_1_24' title='bbox 455 802 557 873; x_wconf 88' lang='lat' dir='ltr'>quum</span> <span class='ocrx_word' id='word_1_25' title='bbox 574 773 619 845; x_wconf 91' lang='lat' dir='ltr'>sis</span> <span class='ocrx_word' id='word_1_26' title='bbox 636 772 795 846; x_wconf 86' lang='lat' dir='ltr'>mirabilis</span> <span class='ocrx_word' id='word_1_27' title='bbox 813 774 898 875; x_wconf 87' lang='lat' dir='ltr'>ipse,</span> 
     </span>
     <span class='ocr_line' id='line_1_5' title="bbox 169 887 1182 988; baseline 0.002 -23"><span class='ocrx_word' id='word_1_28' title='bbox 169 896 238 966; x_wconf 85' lang='lat' dir='ltr'>Nec</span> <span class='ocrx_word' id='word_1_29' title='bbox 257 891 378 964; x_wconf 90' lang='lat' dir='ltr'>lateant</span> <span class='ocrx_word' id='word_1_30' title='bbox 395 907 500 973; x_wconf 87' lang='lat' dir='ltr'>artes,</span> <span class='ocrx_word' id='word_1_31' title='bbox 520 887 755 988; x_wconf 81' lang='lat' dir='ltr'>eloquiumque</span> <span class='ocrx_word' id='word_1_32' title='bbox 773 907 875 962; x_wconf 90' lang='lat' dir='ltr'>tuum.</span> <span class='ocrx_word' id='word_1_33' title='bbox 1065 975 1067 978; x_wconf 9' lang='lat' dir='ltr'>y</span> <span class='ocrx_word' id='word_1_34' title='bbox 1150 916 1182 983; x_wconf 81' lang='lat'>40</span> 
     </span>
    </p>
   </div>
   <div class='ocr_carea' id='block_1_3' title="bbox 121 1004 1023 1688">
    <p class='ocr_par' dir='ltr' id='par_1_3' title="bbox 121 1004 1023 1223">
     <span class='ocr_line' id='line_1_6' title="bbox 121 1004 1023 1108; baseline -0.003 -24"><span class='ocrx_word' id='word_1_35' title='bbox 121 1015 171 1084; x_wconf 89' lang='lat' dir='ltr'>Te</span> <span class='ocrx_word' id='word_1_36' title='bbox 187 1012 341 1108; x_wconf 87' lang='lat' dir='ltr'>juvenum</span> <span class='ocrx_word' id='word_1_37' title='bbox 358 1007 531 1106; x_wconf 84' lang='lat' dir='ltr'>princeps,</span> <span class='ocrx_word' id='word_1_38' title='bbox 550 1006 602 1077; x_wconf 88' lang='lat' dir='ltr'>cui</span> <span class='ocrx_word' id='word_1_39' title='bbox 620 1004 677 1077; x_wconf 89' lang='lat' dir='ltr'>dat</span> <span class='ocrx_word' id='word_1_40' title='bbox 689 1005 869 1078; x_wconf 85' lang='lat' dir='ltr'>Germania</span> <span class='ocrx_word' id='word_1_41' title='bbox 884 1034 1023 1097; x_wconf 88' lang='lat' dir='ltr'>nomen,</span> 
     </span>
     <span class='ocr_line' id='line_1_7' title="bbox 171 1120 869 1223; baseline -0.007 -24"><span class='ocrx_word' id='word_1_42' title='bbox 171 1125 367 1223; x_wconf 85' lang='lat' dir='ltr'>Participem</span> <span class='ocrx_word' id='word_1_43' title='bbox 385 1121 485 1193; x_wconf 88' lang='lat' dir='ltr'>studii</span> <span class='ocrx_word' id='word_1_44' title='bbox 502 1121 610 1194; x_wconf 86' lang='lat' dir='ltr'>Caesar</span> <span class='ocrx_word' id='word_1_45' title='bbox 626 1120 747 1193; x_wconf 85' lang='lat' dir='ltr'>habere</span> <span class='ocrx_word' id='word_1_46' title='bbox 765 1120 869 1194; x_wconf 89' lang='lat' dir='ltr'>solet:</span> 
     </span>
    </p>

    <p class='ocr_par' dir='ltr' id='par_1_4' title="bbox 123 1235 1020 1449">
     <span class='ocr_line' id='line_1_8' title="bbox 123 1235 1020 1336; baseline -0.003 -22"><span class='ocrx_word' id='word_1_47' title='bbox 123 1245 176 1314; x_wconf 87' lang='lat' dir='ltr'>Tu</span> <span class='ocrx_word' id='word_1_48' title='bbox 194 1267 303 1312; x_wconf 89' lang='lat' dir='ltr'>comes</span> <span class='ocrx_word' id='word_1_49' title='bbox 319 1236 493 1336; x_wconf 88' lang='lat' dir='ltr'>antiquus,</span> <span class='ocrx_word' id='word_1_50' title='bbox 512 1252 548 1307; x_wconf 90' lang='lat' dir='ltr'>tu</span> <span class='ocrx_word' id='word_1_51' title='bbox 567 1235 683 1334; x_wconf 90' lang='lat' dir='ltr'>primis</span> <span class='ocrx_word' id='word_1_52' title='bbox 698 1236 831 1332; x_wconf 85' lang='lat' dir='ltr'>junctus</span> <span class='ocrx_word' id='word_1_53' title='bbox 848 1235 890 1308; x_wconf 93' lang='lat' dir='ltr'>ab</span> <span class='ocrx_word' id='word_1_54' title='bbox 901 1239 1020 1326; x_wconf 83' lang='lat' dir='ltr'>annis,</span> 
     </span>
     <span class='ocr_line' id='line_1_9' title="bbox 173 1349 837 1449; baseline -0.008 -21"><span class='ocrx_word' id='word_1_55' title='bbox 173 1353 312 1449; x_wconf 85' lang='lat' dir='ltr'>Ingenio</span> <span class='ocrx_word' id='word_1_56' title='bbox 330 1380 437 1424; x_wconf 89' lang='lat' dir='ltr'>mores</span> <span class='ocrx_word' id='word_1_57' title='bbox 454 1350 691 1449; x_wconf 78' lang='lat' dir='ltr'>aequiparante,</span> <span class='ocrx_word' id='word_1_58' title='bbox 708 1349 837 1449; x_wconf 82' lang='lat' dir='ltr'>places:</span> 
     </span>
    </p>

    <p class='ocr_par' dir='ltr' id='par_1_5' title="bbox 126 1466 914 1688">
     <span class='ocr_line' id='line_1_10' title="bbox 126 1466 914 1569; baseline -0.01 -23"><span class='ocrx_word' id='word_1_59' title='bbox 126 1477 174 1546; x_wconf 90' lang='lat' dir='ltr'>Te</span> <span class='ocrx_word' id='word_1_60' title='bbox 192 1472 319 1544; x_wconf 75' lang='lat' dir='ltr'>(licente</span> <span class='ocrx_word' id='word_1_61' title='bbox 334 1469 442 1569; x_wconf 88' lang='lat' dir='ltr'>prius,</span> <span class='ocrx_word' id='word_1_62' title='bbox 462 1467 501 1539; x_wconf 90' lang='lat' dir='ltr'>fit</span> <span class='ocrx_word' id='word_1_63' title='bbox 518 1468 671 1569; x_wconf 87' lang='lat' dir='ltr'>protinus</span> <span class='ocrx_word' id='word_1_64' title='bbox 687 1468 828 1566; x_wconf 88' lang='lat' dir='ltr'>impetus</span> <span class='ocrx_word' id='word_1_65' title='bbox 844 1466 914 1555; x_wconf 89' lang='lat' dir='ltr'>illi;</span> 
     </span>
     <span class='ocr_line' id='line_1_11' title="bbox 176 1583 909 1688; baseline -0.005 -28"><span class='ocrx_word' id='word_1_66' title='bbox 176 1591 293 1688; x_wconf 89' lang='lat' dir='ltr'>Teque</span> <span class='ocrx_word' id='word_1_67' title='bbox 309 1585 425 1672; x_wconf 89' lang='lat' dir='ltr'>habet,</span> <span class='ocrx_word' id='word_1_68' title='bbox 445 1583 553 1658; x_wconf 87' lang='lat' dir='ltr'>elicias</span> <span class='ocrx_word' id='word_1_69' title='bbox 570 1584 626 1682; x_wconf 88' lang='lat' dir='ltr'>qui</span> <span class='ocrx_word' id='word_1_70' title='bbox 645 1613 703 1657; x_wconf 88' lang='lat' dir='ltr'>sua</span> <span class='ocrx_word' id='word_1_71' title='bbox 720 1583 817 1657; x_wconf 86' lang='lat' dir='ltr'>verba</span> <span class='ocrx_word' id='word_1_72' title='bbox 834 1585 909 1658; x_wconf 90' lang='lat' dir='ltr'>tuis.</span> 
     </span>
    </p>
   </div>
   <div class='ocr_carea' id='block_1_4' title="bbox 102 1702 955 1917">
    <p class='ocr_par' dir='ltr' id='par_1_6' title="bbox 102 1702 955 1917">
     <span class='ocr_line' id='line_1_12' title="bbox 130 1702 955 1806; baseline -0.006 -25"><span class='ocrx_word' id='word_1_73' title='bbox 130 1710 246 1806; x_wconf 84' lang='lat' dir='ltr'>Quum</span> <span class='ocrx_word' id='word_1_74' title='bbox 266 1724 302 1777; x_wconf 89' lang='lat' dir='ltr'>tu</span> <span class='ocrx_word' id='word_1_75' title='bbox 322 1704 454 1791; x_wconf 75' lang='lat' dir='ltr'>desisti,</span> <span class='ocrx_word' id='word_1_76' title='bbox 472 1702 688 1802; x_wconf 72' lang='lat' dir='ltr'>mortaliaque</span> <span class='ocrx_word' id='word_1_77' title='bbox 705 1732 762 1776; x_wconf 89' lang='lat' dir='ltr'>ora</span> <span class='ocrx_word' id='word_1_78' title='bbox 781 1703 955 1801; x_wconf 88' lang='lat' dir='ltr'>quierunt,</span> 
     </span>
     <span class='ocr_line' id='line_1_13' title="bbox 102 1816 898 1917; baseline -0.005 -25"><span class='ocrx_word' id='word_1_79' title='bbox 102 1902 113 1914; x_wconf 43' lang='lat'>¹</span> <span class='ocrx_word' id='word_1_80' title='bbox 182 1817 368 1917; x_wconf 84' lang='lat' dir='ltr'>Clausaque</span> <span class='ocrx_word' id='word_1_81' title='bbox 389 1846 455 1889; x_wconf 91' lang='lat' dir='ltr'>non</span> <span class='ocrx_word' id='word_1_82' title='bbox 475 1816 573 1910; x_wconf 83' lang='lat' dir='ltr'>longa</span> <span class='ocrx_word' id='word_1_83' title='bbox 590 1816 775 1889; x_wconf 78' lang='lat' dir='ltr'>conticuere</span> <span class='ocrx_word' id='word_1_84' title='bbox 794 1844 898 1903; x_wconf 88' lang='lat' dir='ltr'>mora,</span> 
     </span>
    </p>
   </div>
   <div class='ocr_carea' id='block_1_5' title="bbox 134 1931 1195 2380">
    <p class='ocr_par' dir='ltr' id='par_1_7' title="bbox 134 1931 1195 2380">
     <span class='ocr_line' id='line_1_14' title="bbox 134 1931 864 2030; baseline -0.005 -21"><span class='ocrx_word' id='word_1_85' title='bbox 134 1935 248 2028; x_wconf 79' lang='lat' dir='ltr'>Surgit</span> <span class='ocrx_word' id='word_1_86' title='bbox 268 1932 358 2005; x_wconf 90' lang='lat' dir='ltr'>luleo</span> <span class='ocrx_word' id='word_1_87' title='bbox 372 1931 499 2030; x_wconf 87' lang='lat' dir='ltr'>juvenis</span> <span class='ocrx_word' id='word_1_88' title='bbox 515 1932 709 2025; x_wconf 74' lang='lat' dir='ltr'>cognomine</span> <span class='ocrx_word' id='word_1_89' title='bbox 725 1932 864 2026; x_wconf 82' lang='lat' dir='ltr'>dignus,</span> 
     </span>
     <span class='ocr_line' id='line_1_15' title="bbox 183 2048 1195 2149; baseline -0.005 -25"><span class='ocrx_word' id='word_1_90' title='bbox 183 2050 304 2149; x_wconf 84' lang='lat' dir='ltr'>Qualis</span> <span class='ocrx_word' id='word_1_91' title='bbox 320 2050 362 2122; x_wconf 93' lang='lat' dir='ltr'>ab</span> <span class='ocrx_word' id='word_1_92' title='bbox 384 2049 462 2121; x_wconf 85' lang='lat' dir='ltr'>Eois</span> <span class='ocrx_word' id='word_1_93' title='bbox 479 2048 609 2121; x_wconf 72' lang='lat' dir='ltr'>lucifer</span> <span class='ocrx_word' id='word_1_94' title='bbox 625 2067 718 2122; x_wconf 90' lang='lat' dir='ltr'>ortus</span> <span class='ocrx_word' id='word_1_95' title='bbox 736 2048 840 2148; x_wconf 88' lang='lat' dir='ltr'>aquis.</span> <span class='ocrx_word' id='word_1_96' title='bbox 1015 2084 1039 2106; x_wconf 58' lang='grc' dir='ltr'>ν</span> <span class='ocrx_word' id='word_1_97' title='bbox 1162 2077 1195 2128; x_wconf 79' lang='lat'>50</span> 
     </span>
     <span class='ocr_line' id='line_1_16' title="bbox 135 2160 1081 2264; baseline -0.002 -26"><span class='ocrx_word' id='word_1_98' title='bbox 135 2168 292 2264; x_wconf 84' lang='lat' dir='ltr'>Dumque</span> <span class='ocrx_word' id='word_1_99' title='bbox 311 2161 409 2235; x_wconf 87' lang='lat' dir='ltr'>silens</span> <span class='ocrx_word' id='word_1_100' title='bbox 425 2161 551 2248; x_wconf 79' lang='lat' dir='ltr'>adstat,</span> <span class='ocrx_word' id='word_1_101' title='bbox 570 2179 675 2234; x_wconf 87' lang='lat' dir='ltr'>status</span> <span class='ocrx_word' id='word_1_102' title='bbox 693 2178 743 2233; x_wconf 88' lang='lat' dir='ltr'>est</span> <span class='ocrx_word' id='word_1_103' title='bbox 759 2160 933 2261; x_wconf 81' lang='lat' dir='ltr'>vultusque</span> <span class='ocrx_word' id='word_1_104' title='bbox 951 2163 1081 2251; x_wconf 84' lang='lat' dir='ltr'>diserti,</span> 
     </span>
     <span class='ocr_line' id='line_1_17' title="bbox 185 2277 989 2380; baseline -0.005 -28"><span class='ocrx_word' id='word_1_105' title='bbox 185 2281 352 2380; x_wconf 89' lang='lat' dir='ltr'>Spemque</span> <span class='ocrx_word' id='word_1_106' title='bbox 370 2277 485 2350; x_wconf 85' lang='lat' dir='ltr'>decens</span> <span class='ocrx_word' id='word_1_107' title='bbox 504 2277 609 2348; x_wconf 81' lang='lat' dir='ltr'>docta</span> <span class='ocrx_word' id='word_1_108' title='bbox 624 2277 712 2349; x_wconf 85' lang='lat' dir='ltr'>vocis</span> <span class='ocrx_word' id='word_1_109' title='bbox 730 2277 866 2350; x_wconf 86' lang='lat' dir='ltr'>amictus</span> <span class='ocrx_word' id='word_1_110' title='bbox 881 2277 989 2372; x_wconf 85' lang='lat' dir='ltr'>habet.</span> 
     </span>
    </p>
   </div>
   <div class='ocr_carea' id='block_1_6' title="bbox 137 2422 1221 4214">
    <p class='ocr_par' dir='ltr' id='par_1_8' title="bbox 137 2422 1204 3050">
     <span class='ocr_line' id='line_1_18' title="bbox 170 2422 1199 2510; baseline 0.002 -14"><span class='ocrx_word' id='word_1_111' title='bbox 170 2444 209 2510; x_wconf 81' lang='lat'>37.</span> <span class='ocrx_word' id='word_1_112' title='bbox 218 2443 276 2493; x_wconf 90' lang='lat' dir='ltr'>Non</span> <span class='ocrx_word' id='word_1_113' title='bbox 282 2460 326 2508; x_wconf 74' lang='lat' dir='ltr'>eqo</span> <span class='ocrx_word' id='word_1_114' title='bbox 334 2441 485 2492; x_wconf 83' lang='lat' dir='ltr'>laudandus.</span> <span class='ocrx_word' id='word_1_115' title='bbox 497 2437 597 2503; x_wconf 75' lang='lat' dir='ltr'>Docet,</span> <span class='ocrx_word' id='word_1_116' title='bbox 609 2457 644 2492; x_wconf 86' lang='lat' dir='ltr'>ne</span> <span class='ocrx_word' id='word_1_117' title='bbox 694 2422 843 2492; x_wconf 85' lang='lat' dir='ltr'>rrlelioribus</span> <span class='ocrx_word' id='word_1_118' title='bbox 855 2459 902 2507; x_wconf 92' lang='lat' dir='ltr'>pro</span> <span class='ocrx_word' id='word_1_119' title='bbox 914 2443 1019 2494; x_wconf 83' lang='lat' dir='ltr'>desiisti.</span> <span class='ocrx_word' id='word_1_120' title='bbox 1032 2440 1199 2498; x_wconf 82' lang='lat' dir='ltr'>H.-Mortu·</span> 
     </span>
     <span class='ocr_line' id='line_1_19' title="bbox 137 2515 1201 2590; baseline 0.004 -18"><span class='ocrx_word' id='word_1_121' title='bbox 137 2519 258 2572; x_wconf 81' lang='lat' dir='ltr'>videatur</span> <span class='ocrx_word' id='word_1_122' title='bbox 279 2536 420 2585; x_wconf 72' lang='lat' dir='ltr'>arrogans,</span> <span class='ocrx_word' id='word_1_123' title='bbox 436 2515 550 2568; x_wconf 89' lang='lat' dir='ltr'>libellum</span> <span class='ocrx_word' id='word_1_124' title='bbox 569 2535 646 2568; x_wconf 86' lang='lat' dir='ltr'>suurn</span> <span class='ocrx_word' id='word_1_125' title='bbox 693 2521 776 2584; x_wconf 81' lang='lat' dir='ltr'>Itaque</span> <span class='ocrx_word' id='word_1_126' title='bbox 789 2536 832 2568; x_wconf 86' lang='lat' dir='ltr'>ora</span> <span class='ocrx_word' id='word_1_127' title='bbox 843 2522 962 2584; x_wconf 81' lang='lat' dir='ltr'>qur‘erunt.</span> <span class='ocrx_word' id='word_1_128' title='bbox 978 2519 1099 2573; x_wconf 79' lang='lat' dir='ltr'>Mentaliu</span> <span class='ocrx_word' id='word_1_129' title='bbox 1112 2523 1201 2590; x_wconf 81' lang='lat' dir='ltr'>adpel-</span> 
     </span>
     <span class='ocr_line' id='line_1_20' title="bbox 138 2594 1201 2668; baseline 0.002 -17"><span class='ocrx_word' id='word_1_130' title='bbox 138 2617 193 2651; x_wconf 89' lang='lat' dir='ltr'>non</span> <span class='ocrx_word' id='word_1_131' title='bbox 206 2615 261 2650; x_wconf 86' lang='lat' dir='ltr'>esse</span> <span class='ocrx_word' id='word_1_132' title='bbox 274 2595 350 2647; x_wconf 87' lang='lat' dir='ltr'>laude</span> <span class='ocrx_word' id='word_1_133' title='bbox 363 2594 471 2661; x_wconf 77' lang='lat' dir='ltr'>dignum</span> <span class='ocrx_word' id='word_1_134' title='bbox 485 2614 490 2646; x_wconf 72' lang='grc' dir='ltr'><strong>ι</strong></span> <span class='ocrx_word' id='word_1_135' title='bbox 503 2594 548 2647; x_wconf 86' lang='lat' dir='ltr'>sed</span> <span class='ocrx_word' id='word_1_136' title='bbox 561 2594 581 2646; x_wconf 92' lang='lat' dir='ltr'>si</span> <span class='ocrx_word' id='word_1_137' title='bbox 596 2613 646 2662; x_wconf 91' lang='lat' dir='ltr'>qua</span> <span class='ocrx_word' id='word_1_138' title='bbox 694 2594 728 2647; x_wconf 90' lang='lat' dir='ltr'>lat</span> <span class='ocrx_word' id='word_1_139' title='bbox 737 2634 743 2659; x_wconf 98' lang='lat'>,</span> <span class='ocrx_word' id='word_1_140' title='bbox 753 2605 781 2646; x_wconf 88' lang='lat' dir='ltr'>ut</span> <span class='ocrx_word' id='word_1_141' title='bbox 789 2595 908 2648; x_wconf 82' lang='lat' dir='ltr'>ostendat</span> <span class='ocrx_word' id='word_1_142' title='bbox 918 2596 1042 2649; x_wconf 90' lang='lat' dir='ltr'>Salanum</span> <span class='ocrx_word' id='word_1_143' title='bbox 1051 2602 1201 2668; x_wconf 82' lang='lat' dir='ltr'>mortalem,</span> 
     </span>
     <span class='ocr_line' id='line_1_21' title="bbox 138 2667 1201 2740; baseline 0.003 -11"><span class='ocrx_word' id='word_1_144' title='bbox 138 2677 195 2731; x_wconf 86' lang='lat' dir='ltr'>laus</span> <span class='ocrx_word' id='word_1_145' title='bbox 208 2673 342 2728; x_wconf 81' lang='lat' dir='ltr'>aoeesserit</span> <span class='ocrx_word' id='word_1_146' title='bbox 359 2672 506 2737; x_wconf 79' lang='lat' dir='ltr'>hujusmodi</span> <span class='ocrx_word' id='word_1_147' title='bbox 518 2673 607 2740; x_wconf 88' lang='lat' dir='ltr'>operi,</span> <span class='ocrx_word' id='word_1_148' title='bbox 620 2670 646 2724; x_wconf 87' lang='lat' dir='ltr'>id</span> <span class='ocrx_word' id='word_1_149' title='bbox 695 2667 881 2726; x_wconf 79' lang='lat' dir='ltr'>Germanicum</span> <span class='ocrx_word' id='word_1_150' title='bbox 892 2692 954 2727; x_wconf 82' lang='lat' dir='ltr'>vero</span> <span class='ocrx_word' id='word_1_151' title='bbox 968 2673 1097 2729; x_wconf 84' lang='lat' dir='ltr'>Caesarem</span> <span class='ocrx_word' id='word_1_152' title='bbox 1109 2678 1201 2733; x_wconf 87' lang='lat' dir='ltr'>divum</span> 
     </span>
     <span class='ocr_line' id='line_1_22' title="bbox 137 2749 779 2818; baseline -0.008 -10"><span class='ocrx_word' id='word_1_153' title='bbox 137 2750 339 2808; x_wconf 76' lang='lat' dir='ltr'>adscmbendum</span> <span class='ocrx_word' id='word_1_154' title='bbox 352 2769 405 2802; x_wconf 85' lang='lat' dir='ltr'>esse</span> <span class='ocrx_word' id='word_1_155' title='bbox 419 2749 524 2802; x_wconf 78' lang='lat' dir='ltr'>cnudori</span> <span class='ocrx_word' id='word_1_156' title='bbox 536 2761 562 2802; x_wconf 93' lang='lat' dir='ltr'>et</span> <span class='ocrx_word' id='word_1_157' title='bbox 573 2749 648 2818; x_wconf 83' lang='lat' dir='ltr'>inge·</span> <span class='ocrx_word' id='word_1_158' title='bbox 695 2751 779 2803; x_wconf 83' lang='lat' dir='ltr'>fuisse.</span> 
     </span>
     <span class='ocr_line' id='line_1_23' title="bbox 139 2826 1202 2900; baseline 0.001 -14"><span class='ocrx_word' id='word_1_159' title='bbox 139 2832 186 2886; x_wconf 84' lang='lat' dir='ltr'>nio</span> <span class='ocrx_word' id='word_1_160' title='bbox 195 2829 274 2900; x_wconf 83' lang='lat' dir='ltr'>ipsius</span> <span class='ocrx_word' id='word_1_161' title='bbox 284 2827 380 2881; x_wconf 88' lang='lat' dir='ltr'>Salani.</span> <span class='ocrx_word' id='word_1_162' title='bbox 393 2826 597 2880; x_wconf 85' lang='lat' dir='ltr'>Barberinianus</span> <span class='ocrx_word' id='word_1_163' title='bbox 607 2826 649 2880; x_wconf 86' lang='lat' dir='ltr'>hic</span> <span class='ocrx_word' id='word_1_164' title='bbox 729 2831 768 2893; x_wconf 83' lang='grc'>48.</span> <span class='ocrx_word' id='word_1_165' title='bbox 784 2831 908 2895; x_wconf 86' lang='lat' dir='ltr'>Tectaque</span> <span class='ocrx_word' id='word_1_166' title='bbox 916 2849 968 2881; x_wconf 81' lang='lat' dir='ltr'>ora.</span> <span class='ocrx_word' id='word_1_167' title='bbox 978 2832 1119 2900; x_wconf 73' lang='lat' dir='ltr'>Clausaque</span> <span class='ocrx_word' id='word_1_168' title='bbox 1128 2843 1202 2887; x_wconf 83' lang='lat' dir='ltr'>vete·</span> 
     </span>
     <span class='ocr_line' id='line_1_24' title="bbox 141 2904 1204 2974; baseline 0.005 -11"><span class='ocrx_word' id='word_1_169' title='bbox 141 2926 239 2963; x_wconf 82' lang='lat' dir='ltr'>novam</span> <span class='ocrx_word' id='word_1_170' title='bbox 248 2905 422 2974; x_wconf 82' lang='lat' dir='ltr'>saoitelegiam</span> <span class='ocrx_word' id='word_1_171' title='bbox 432 2944 440 2969; x_wconf 93' lang='lat'>,</span> <span class='ocrx_word' id='word_1_172' title='bbox 449 2904 650 2973; x_wconf 82' lang='lat' dir='ltr'>quaevidebatur</span> <span class='ocrx_word' id='word_1_173' title='bbox 697 2928 738 2961; x_wconf 87' lang='lat' dir='ltr'>res</span> <span class='ocrx_word' id='word_1_174' title='bbox 750 2910 843 2974; x_wconf 86' lang='lat' dir='ltr'>multi,</span> <span class='ocrx_word' id='word_1_175' title='bbox 858 2928 917 2962; x_wconf 88' lang='lat' dir='ltr'>cnm</span> <span class='ocrx_word' id='word_1_176' title='bbox 936 2911 1066 2965; x_wconf 85' lang='lat' dir='ltr'>nonnullis</span> <span class='ocrx_word' id='word_1_177' title='bbox 1080 2912 1204 2967; x_wconf 87' lang='lat' dir='ltr'>editioni-</span> 
     </span>
     <span class='ocr_line' id='line_1_25' title="bbox 143 2981 1203 3050; baseline 0.004 -10"><span class='ocrx_word' id='word_1_178' title='bbox 143 2984 256 3040; x_wconf 85' lang='lat' dir='ltr'>Heinsio</span> <span class='ocrx_word' id='word_1_179' title='bbox 266 2982 359 3050; x_wconf 83' lang='lat' dir='ltr'>scripta</span> <span class='ocrx_word' id='word_1_180' title='bbox 370 2982 403 3035; x_wconf 91' lang='lat' dir='ltr'>ad</span> <span class='ocrx_word' id='word_1_181' title='bbox 416 2981 617 3035; x_wconf 80' lang='lat' dir='ltr'>Albinovanum.</span> <span class='ocrx_word' id='word_1_182' title='bbox 698 2987 754 3038; x_wconf 85' lang='lat' dir='ltr'>bus.</span> <span class='ocrx_word' id='word_1_183' title='bbox 763 2986 862 3039; x_wconf 76' lang='lat' dir='ltr'>Herus,</span> <span class='ocrx_word' id='word_1_184' title='bbox 873 3014 906 3025; x_wconf 93' lang='lat'>—</span> <span class='ocrx_word' id='word_1_185' title='bbox 918 2990 1068 3042; x_wconf 81' lang='lat' dir='ltr'>Conticuere.</span> <span class='ocrx_word' id='word_1_186' title='bbox 1077 2986 1137 3043; x_wconf 85' lang='lat' dir='ltr'>Hoc</span> <span class='ocrx_word' id='word_1_187' title='bbox 1144 3009 1203 3044; x_wconf 86' lang='lat' dir='ltr'>ver·</span> 
     </span>
    </p>

    <p class='ocr_par' dir='ltr' id='par_1_9' title="bbox 143 3062 1213 3584">
     <span class='ocr_line' id='line_1_26' title="bbox 176 3062 1204 3135; baseline 0.006 -18"><span class='ocrx_word' id='word_1_188' title='bbox 176 3068 218 3132; x_wconf 65' lang='lat'>4²·</span> <span class='ocrx_word' id='word_1_189' title='bbox 229 3065 380 3128; x_wconf 76' lang='lat' dir='ltr'>Panr&#39;cipenr</span> <span class='ocrx_word' id='word_1_190' title='bbox 390 3065 487 3114; x_wconf 74' lang='lat' dir='ltr'>studiis.</span> <span class='ocrx_word' id='word_1_191' title='bbox 500 3063 583 3114; x_wconf 81' lang='lat' dir='ltr'>Stadii</span> <span class='ocrx_word' id='word_1_192' title='bbox 591 3079 650 3113; x_wconf 91' lang='lat' dir='ltr'>rne-</span> <span class='ocrx_word' id='word_1_193' title='bbox 699 3062 762 3115; x_wconf 86' lang='lat' dir='ltr'>bum</span> <span class='ocrx_word' id='word_1_194' title='bbox 775 3082 827 3114; x_wconf 90' lang='lat' dir='ltr'>non</span> <span class='ocrx_word' id='word_1_195' title='bbox 841 3069 984 3122; x_wconf 81' lang='lat' dir='ltr'>aconticen,</span> <span class='ocrx_word' id='word_1_196' title='bbox 996 3067 1066 3134; x_wconf 83' lang='lat' dir='ltr'>qnod</span> <span class='ocrx_word' id='word_1_197' title='bbox 1075 3087 1204 3135; x_wconf 88' lang='lat' dir='ltr'>nusquam</span> 
     </span>
     <span class='ocr_line' id='line_1_27' title="bbox 143 3137 1205 3209; baseline 0.005 -15"><span class='ocrx_word' id='word_1_198' title='bbox 143 3143 236 3202; x_wconf 62' lang='lat' dir='ltr'>liorem</span> <span class='ocrx_word' id='word_1_199' title='bbox 245 3158 331 3209; x_wconf 90' lang='lat' dir='ltr'>neque</span> <span class='ocrx_word' id='word_1_200' title='bbox 341 3137 415 3191; x_wconf 84' lang='lat' dir='ltr'>aliter</span> <span class='ocrx_word' id='word_1_201' title='bbox 422 3137 557 3206; x_wconf 75' lang='lat' dir='ltr'>scriptores</span> <span class='ocrx_word' id='word_1_202' title='bbox 566 3137 650 3203; x_wconf 86' lang='lat' dir='ltr'>latini,</span> <span class='ocrx_word' id='word_1_203' title='bbox 700 3139 803 3208; x_wconf 81' lang='lat' dir='ltr'>legitor,</span> <span class='ocrx_word' id='word_1_204' title='bbox 813 3140 858 3192; x_wconf 85' lang='lat' dir='ltr'>sed</span> <span class='ocrx_word' id='word_1_205' title='bbox 867 3160 880 3192; x_wconf 87' lang='lat' dir='ltr'>a</span> <span class='ocrx_word' id='word_1_206' title='bbox 889 3147 1028 3194; x_wconf 85' lang='lat' dir='ltr'>conticesco</span> <span class='ocrx_word' id='word_1_207' title='bbox 1038 3144 1118 3197; x_wconf 84' lang='lat' dir='ltr'>venit.</span> <span class='ocrx_word' id='word_1_208' title='bbox 1126 3144 1205 3202; x_wconf 78' lang='lat' dir='ltr'>cros.</span> 
     </span>
     <span class='ocr_line' id='line_1_28' title="bbox 146 3217 1084 3288; baseline -0.004 -13"><span class='ocrx_word' id='word_1_209' title='bbox 146 3233 174 3276; x_wconf 83' lang='lat' dir='ltr'>et</span> <span class='ocrx_word' id='word_1_210' title='bbox 185 3239 264 3273; x_wconf 81' lang='lat' dir='ltr'>versu</span> <span class='ocrx_word' id='word_1_211' title='bbox 274 3219 392 3287; x_wconf 80' lang='lat' dir='ltr'>proximo</span> <span class='ocrx_word' id='word_1_212' title='bbox 401 3217 480 3269; x_wconf 84' lang='lat' dir='ltr'>iidem</span> <span class='ocrx_word' id='word_1_213' title='bbox 487 3217 600 3277; x_wconf 80' lang='lat' dir='ltr'>codices.</span> <span class='ocrx_word' id='word_1_214' title='bbox 614 3237 654 3270; x_wconf 90' lang='lat' dir='ltr'>co·</span> <span class='ocrx_word' id='word_1_215' title='bbox 734 3220 773 3288; x_wconf 70' lang='lat'>49.</span> <span class='ocrx_word' id='word_1_216' title='bbox 782 3219 895 3269; x_wconf 77' lang='lat' dir='ltr'>Iuvenis.</span> <span class='ocrx_word' id='word_1_217' title='bbox 905 3217 1084 3274; x_wconf 82' lang='lat' dir='ltr'>Germanicus.</span> 
     </span>
     <span class='ocr_line' id='line_1_29' title="bbox 146 3293 1210 3369; baseline -0.002 -15"><span class='ocrx_word' id='word_1_218' title='bbox 146 3319 199 3354; x_wconf 84' lang='lat' dir='ltr'>mes</span> <span class='ocrx_word' id='word_1_219' title='bbox 206 3303 324 3365; x_wconf 84' lang='lat' dir='ltr'>antiquus</span> <span class='ocrx_word' id='word_1_220' title='bbox 333 3316 381 3364; x_wconf 89' lang='lat' dir='ltr'>pro</span> <span class='ocrx_word' id='word_1_221' title='bbox 388 3293 655 3362; x_wconf 83' lang='lat' dir='ltr'>antiquis.H.-Cum</span> <span class='ocrx_word' id='word_1_222' title='bbox 737 3301 775 3348; x_wconf 83' lang='lat'>52.</span> <span class='ocrx_word' id='word_1_223' title='bbox 795 3295 912 3362; x_wconf 76' lang='lat' dir='ltr'>Spemque</span> <span class='ocrx_word' id='word_1_224' title='bbox 932 3299 1024 3348; x_wconf 83' lang='lat' dir='ltr'>docens</span> <span class='ocrx_word' id='word_1_225' title='bbox 1039 3301 1118 3369; x_wconf 68' lang='lat' dir='ltr'>doqtae</span> <span class='ocrx_word' id='word_1_226' title='bbox 1138 3305 1210 3352; x_wconf 81' lang='lat' dir='ltr'>vocis</span> 
     </span>
     <span class='ocr_line' id='line_1_30' title="bbox 148 3371 1210 3444; baseline -0.003 -13"><span class='ocrx_word' id='word_1_227' title='bbox 148 3377 236 3431; x_wconf 83' lang='lat' dir='ltr'>dativo</span> <span class='ocrx_word' id='word_1_228' title='bbox 245 3373 337 3426; x_wconf 83' lang='lat' dir='ltr'>extulit</span> <span class='ocrx_word' id='word_1_229' title='bbox 348 3383 436 3426; x_wconf 86' lang='lat' dir='ltr'>tamen</span> <span class='ocrx_word' id='word_1_230' title='bbox 446 3373 562 3436; x_wconf 84' lang='lat' dir='ltr'>Seneca,</span> <span class='ocrx_word' id='word_1_231' title='bbox 576 3371 656 3425; x_wconf 87' lang='lat' dir='ltr'>Herc.</span> <span class='ocrx_word' id='word_1_232' title='bbox 703 3377 799 3424; x_wconf 84' lang='lat' dir='ltr'>anricus</span> <span class='ocrx_word' id='word_1_233' title='bbox 807 3375 889 3424; x_wconf 82' lang='lat' dir='ltr'>habet.</span> <span class='ocrx_word' id='word_1_234' title='bbox 899 3374 963 3426; x_wconf 80' lang='lat' dir='ltr'>Hoec</span> <span class='ocrx_word' id='word_1_235' title='bbox 970 3373 1044 3426; x_wconf 87' lang='lat' dir='ltr'>nihili</span> <span class='ocrx_word' id='word_1_236' title='bbox 1053 3387 1113 3428; x_wconf 89' lang='lat' dir='ltr'>sunt</span> <span class='ocrx_word' id='word_1_237' title='bbox 1122 3394 1128 3427; x_wconf 91' lang='lat'>:</span> <span class='ocrx_word' id='word_1_238' title='bbox 1137 3376 1210 3444; x_wconf 91' lang='lat' dir='ltr'>quin·</span> 
     </span>
     <span class='ocr_line' id='line_1_31' title="bbox 149 3447 1212 3523; baseline 0.006 -22"><span class='ocrx_word' id='word_1_239' title='bbox 149 3454 199 3506; x_wconf 71' lang='lat' dir='ltr'>fist.</span> <span class='ocrx_word' id='word_1_240' title='bbox 211 3451 278 3523; x_wconf 73' lang='lat'>369,</span> <span class='ocrx_word' id='word_1_241' title='bbox 292 3472 306 3497; x_wconf 71' lang='lat' dir='ltr'>o</span> <span class='ocrx_word' id='word_1_242' title='bbox 319 3451 451 3518; x_wconf 87' lang='lat' dir='ltr'>Particeps</span> <span class='ocrx_word' id='word_1_243' title='bbox 463 3467 544 3516; x_wconf 76' lang='lat' dir='ltr'>regno</span> <span class='ocrx_word' id='word_1_244' title='bbox 554 3447 631 3515; x_wconf 81' lang='lat' dir='ltr'>veni;</span> <span class='ocrx_word' id='word_1_245' title='bbox 642 3469 656 3495; x_wconf 70' lang='lat' dir='ltr'>s</span> <span class='ocrx_word' id='word_1_246' title='bbox 706 3472 756 3520; x_wconf 86' lang='lat' dir='ltr'>qne</span> <span class='ocrx_word' id='word_1_247' title='bbox 767 3462 868 3505; x_wconf 81' lang='lat' dir='ltr'>veteres</span> <span class='ocrx_word' id='word_1_248' title='bbox 878 3455 974 3507; x_wconf 86' lang='lat' dir='ltr'>decens.</span> <span class='ocrx_word' id='word_1_249' title='bbox 991 3454 1080 3506; x_wconf 83' lang='lat' dir='ltr'>Scribe</span> <span class='ocrx_word' id='word_1_250' title='bbox 1092 3456 1212 3522; x_wconf 78' lang='lat' dir='ltr'>Spemque</span> 
     </span>
     <span class='ocr_line' id='line_1_32' title="bbox 150 3525 1213 3584; baseline 0.001 -1"><span class='ocrx_word' id='word_1_251' title='bbox 150 3529 195 3583; x_wconf 84' lang='lat' dir='ltr'>ubi</span> <span class='ocrx_word' id='word_1_252' title='bbox 208 3527 338 3581; x_wconf 83' lang='lat' dir='ltr'>videndus</span> <span class='ocrx_word' id='word_1_253' title='bbox 353 3525 510 3580; x_wconf 83' lang='lat' dir='ltr'>Gronovius.</span> <span class='ocrx_word' id='word_1_254' title='bbox 706 3533 795 3581; x_wconf 86' lang='lat' dir='ltr'>decens</span> <span class='ocrx_word' id='word_1_255' title='bbox 805 3532 884 3581; x_wconf 78' lang='lat' dir='ltr'>docta</span> <span class='ocrx_word' id='word_1_256' title='bbox 892 3537 1076 3583; x_wconf 64' lang='lat' dir='ltr'>nocetamr&#39;ctus</span> <span class='ocrx_word' id='word_1_257' title='bbox 1084 3533 1166 3582; x_wconf 77' lang='lat' dir='ltr'>babet.</span> <span class='ocrx_word' id='word_1_258' title='bbox 1178 3530 1213 3584; x_wconf 88' lang='lat' dir='ltr'>ln</span> 
     </span>
    </p>

    <p class='ocr_par' dir='ltr' id='par_1_10' title="bbox 151 3604 1221 4140">
     <span class='ocr_line' id='line_1_33' title="bbox 184 3604 1214 3676; baseline -0.004 -14"><span class='ocrx_word' id='word_1_259' title='bbox 184 3611 225 3676; x_wconf 74' lang='lat'>⁴⁵·</span> <span class='ocrx_word' id='word_1_260' title='bbox 242 3610 278 3661; x_wconf 78' lang='lat' dir='ltr'>Te</span> <span class='ocrx_word' id='word_1_261' title='bbox 288 3611 386 3660; x_wconf 78' lang='lat' dir='ltr'>dicente</span> <span class='ocrx_word' id='word_1_262' title='bbox 392 3612 470 3675; x_wconf 76' lang='lat' dir='ltr'>perus.</span> <span class='ocrx_word' id='word_1_263' title='bbox 480 3604 519 3658; x_wconf 86' lang='lat' dir='ltr'>Te</span> <span class='ocrx_word' id='word_1_264' title='bbox 530 3606 601 3673; x_wconf 87' lang='lat' dir='ltr'>prius</span> <span class='ocrx_word' id='word_1_265' title='bbox 611 3605 660 3659; x_wconf 82' lang='lat' dir='ltr'>ele-</span> <span class='ocrx_word' id='word_1_266' title='bbox 707 3607 762 3675; x_wconf 85' lang='lat' dir='ltr'>ipso</span> <span class='ocrx_word' id='word_1_267' title='bbox 773 3606 868 3660; x_wconf 85' lang='lat' dir='ltr'>amictu</span> <span class='ocrx_word' id='word_1_268' title='bbox 884 3627 912 3661; x_wconf 92' lang='lat' dir='ltr'>ac</span> <span class='ocrx_word' id='word_1_269' title='bbox 926 3618 984 3675; x_wconf 85' lang='lat' dir='ltr'>toga</span> <span class='ocrx_word' id='word_1_270' title='bbox 998 3607 1121 3659; x_wconf 86' lang='lat' dir='ltr'>decenter</span> <span class='ocrx_word' id='word_1_271' title='bbox 1133 3625 1214 3659; x_wconf 88' lang='lat' dir='ltr'>corn-</span> 
     </span>
     <span class='ocr_line' id='line_1_34' title="bbox 151 3682 1216 3752; baseline -0.002 -13"><span class='ocrx_word' id='word_1_272' title='bbox 151 3687 486 3750; x_wconf 80' lang='lat' dir='ltr'>clamante.—F1&#39;tprotinus</span> <span class='ocrx_word' id='word_1_273' title='bbox 498 3688 603 3749; x_wconf 76' lang='lat' dir='ltr'>impetus</span> <span class='ocrx_word' id='word_1_274' title='bbox 612 3687 661 3736; x_wconf 87' lang='lat' dir='ltr'>illi.</span> <span class='ocrx_word' id='word_1_275' title='bbox 709 3682 801 3751; x_wconf 85' lang='lat' dir='ltr'>plicata</span> <span class='ocrx_word' id='word_1_276' title='bbox 819 3684 873 3751; x_wconf 86' lang='lat' dir='ltr'>jam</span> <span class='ocrx_word' id='word_1_277' title='bbox 890 3703 946 3752; x_wconf 82' lang='lat' dir='ltr'>spes</span> <span class='ocrx_word' id='word_1_278' title='bbox 962 3694 1000 3737; x_wconf 85' lang='lat' dir='ltr'>est</span> <span class='ocrx_word' id='word_1_279' title='bbox 1015 3682 1122 3735; x_wconf 87' lang='lat' dir='ltr'>eruditae</span> <span class='ocrx_word' id='word_1_280' title='bbox 1138 3683 1216 3737; x_wconf 80' lang='lat' dir='ltr'>vocis.</span> 
     </span>
     <span class='ocr_line' id='line_1_35' title="bbox 152 3759 1217 3831; baseline 0.002 -15"><span class='ocrx_word' id='word_1_281' title='bbox 152 3764 203 3825; x_wconf 75' lang='lat' dir='ltr'>Vis</span> <span class='ocrx_word' id='word_1_282' title='bbox 222 3762 380 3831; x_wconf 71' lang='lat' dir='ltr'>eloquentius</span> <span class='ocrx_word' id='word_1_283' title='bbox 396 3761 481 3814; x_wconf 86' lang='lat' dir='ltr'>subito</span> <span class='ocrx_word' id='word_1_284' title='bbox 498 3762 526 3812; x_wconf 87' lang='lat' dir='ltr'>in</span> <span class='ocrx_word' id='word_1_285' title='bbox 544 3759 662 3814; x_wconf 88' lang='lat' dir='ltr'>Germa-</span> <span class='ocrx_word' id='word_1_286' title='bbox 711 3760 890 3831; x_wconf 85' lang='lat' dir='ltr'>Quintilianus</span> <span class='ocrx_word' id='word_1_287' title='bbox 907 3761 997 3827; x_wconf 91' lang='lat' dir='ltr'>aliique</span> <span class='ocrx_word' id='word_1_288' title='bbox 1018 3762 1078 3813; x_wconf 85' lang='lat' dir='ltr'>artis</span> <span class='ocrx_word' id='word_1_289' title='bbox 1096 3762 1217 3818; x_wconf 60' lang='lat' dir='ltr'>oratoria</span> 
     </span>
     <span class='ocr_line' id='line_1_36' title="bbox 155 3835 1217 3906; baseline 0.001 -16"><span class='ocrx_word' id='word_1_290' title='bbox 155 3837 216 3897; x_wconf 81' lang='lat' dir='ltr'>nico</span> <span class='ocrx_word' id='word_1_291' title='bbox 225 3837 343 3890; x_wconf 80' lang='lat' dir='ltr'>exoritur</span> <span class='ocrx_word' id='word_1_292' title='bbox 353 3847 392 3889; x_wconf 85' lang='lat' dir='ltr'>:et</span> <span class='ocrx_word' id='word_1_293' title='bbox 402 3837 527 3890; x_wconf 78' lang='lat' dir='ltr'>excitatur</span> <span class='ocrx_word' id='word_1_294' title='bbox 537 3836 663 3906; x_wconf 85' lang='lat' dir='ltr'>cupiditas</span> <span class='ocrx_word' id='word_1_295' title='bbox 710 3837 835 3906; x_wconf 83' lang='lat' dir='ltr'>magistri,</span> <span class='ocrx_word' id='word_1_296' title='bbox 845 3855 900 3889; x_wconf 91' lang='lat' dir='ltr'>uon</span> <span class='ocrx_word' id='word_1_297' title='bbox 909 3835 1049 3888; x_wconf 88' lang='lat' dir='ltr'>minimum</span> <span class='ocrx_word' id='word_1_298' title='bbox 1062 3837 1217 3904; x_wconf 69' lang='lat' dir='ltr'>reserrenos</span> 
     </span>
     <span class='ocr_line' id='line_1_37' title="bbox 156 3912 1220 3981; baseline 0.004 -16"><span class='ocrx_word' id='word_1_299' title='bbox 156 3912 259 3966; x_wconf 78' lang='lat' dir='ltr'>dioenti</span> <span class='ocrx_word' id='word_1_300' title='bbox 266 3925 324 3967; x_wconf 78' lang='lat' dir='ltr'>etto</span> <span class='ocrx_word' id='word_1_301' title='bbox 331 3912 664 3981; x_wconf 76' lang='lat' dir='ltr'>aequandi-Tequebubet.</span> <span class='ocrx_word' id='word_1_302' title='bbox 712 3915 808 3968; x_wconf 87' lang='lat' dir='ltr'>docent</span> <span class='ocrx_word' id='word_1_303' title='bbox 818 3914 850 3967; x_wconf 90' lang='lat' dir='ltr'>ad</span> <span class='ocrx_word' id='word_1_304' title='bbox 862 3913 1117 3968; x_wconf 85' lang='lat' dir='ltr'>commendationem</span> <span class='ocrx_word' id='word_1_305' title='bbox 1129 3927 1220 3970; x_wconf 89' lang='lat' dir='ltr'>orato-</span> 
     </span>
     <span class='ocr_line' id='line_1_38' title="bbox 159 3991 1220 4062; baseline 0.003 -18"><span class='ocrx_word' id='word_1_306' title='bbox 159 3992 194 4044; x_wconf 80' lang='lat' dir='ltr'>Es</span> <span class='ocrx_word' id='word_1_307' title='bbox 205 3992 284 4045; x_wconf 84' lang='lat' dir='ltr'>habet</span> <span class='ocrx_word' id='word_1_308' title='bbox 295 3993 322 4044; x_wconf 88' lang='lat' dir='ltr'>in</span> <span class='ocrx_word' id='word_1_309' title='bbox 335 4002 360 4044; x_wconf 91' lang='lat' dir='ltr'>te</span> <span class='ocrx_word' id='word_1_310' title='bbox 371 3991 461 4044; x_wconf 81' lang='lat' dir='ltr'>studiis</span> <span class='ocrx_word' id='word_1_311' title='bbox 472 3993 597 4059; x_wconf 81' lang='lat' dir='ltr'>praevium</span> <span class='ocrx_word' id='word_1_312' title='bbox 610 3991 666 4042; x_wconf 87' lang='lat' dir='ltr'>du·</span> <span class='ocrx_word' id='word_1_313' title='bbox 713 3992 748 4045; x_wconf 86' lang='lat' dir='ltr'>ris</span> <span class='ocrx_word' id='word_1_314' title='bbox 759 4032 766 4058; x_wconf 88' lang='lat'>,</span> <span class='ocrx_word' id='word_1_315' title='bbox 785 4002 814 4045; x_wconf 90' lang='lat' dir='ltr'>ut</span> <span class='ocrx_word' id='word_1_316' title='bbox 828 4003 915 4060; x_wconf 84' lang='lat' dir='ltr'>togam</span> <span class='ocrx_word' id='word_1_317' title='bbox 932 3991 1055 4044; x_wconf 85' lang='lat' dir='ltr'>decenter</span> <span class='ocrx_word' id='word_1_318' title='bbox 1070 4003 1220 4062; x_wconf 84' lang='lat' dir='ltr'>componat.</span> 
     </span>
     <span class='ocr_line' id='line_1_39' title="bbox 159 4069 1221 4140; baseline 0.002 -18"><span class='ocrx_word' id='word_1_319' title='bbox 159 4088 218 4122; x_wconf 77' lang='lat' dir='ltr'>rem</span> <span class='ocrx_word' id='word_1_320' title='bbox 226 4081 254 4122; x_wconf 87' lang='lat' dir='ltr'>et</span> <span class='ocrx_word' id='word_1_321' title='bbox 266 4071 337 4138; x_wconf 85' lang='lat' dir='ltr'>quasi</span> <span class='ocrx_word' id='word_1_322' title='bbox 350 4069 460 4135; x_wconf 83' lang='lat' dir='ltr'>alterum</span> <span class='ocrx_word' id='word_1_323' title='bbox 473 4080 666 4138; x_wconf 78' lang='lat' dir='ltr'>praeceptorem.</span> <span class='ocrx_word' id='word_1_324' title='bbox 715 4070 849 4140; x_wconf 84' lang='lat' dir='ltr'>Superiori</span> <span class='ocrx_word' id='word_1_325' title='bbox 857 4070 938 4122; x_wconf 81' lang='lat' dir='ltr'>etiam</span> <span class='ocrx_word' id='word_1_326' title='bbox 947 4082 1023 4122; x_wconf 80' lang='lat' dir='ltr'>versu</span> <span class='ocrx_word' id='word_1_327' title='bbox 1032 4081 1101 4124; x_wconf 85' lang='lat' dir='ltr'>reete</span> <span class='ocrx_word' id='word_1_328' title='bbox 1110 4071 1168 4124; x_wconf 90' lang='lat' dir='ltr'>libri</span> <span class='ocrx_word' id='word_1_329' title='bbox 1178 4089 1221 4124; x_wconf 81' lang='lat' dir='ltr'>ve·</span> 
     </span>
    </p>

    <p class='ocr_par' dir='ltr' id='par_1_11' title="bbox 196 4149 1221 4214">
     <span class='ocr_line' id='line_1_40' title="bbox 196 4149 1221 4214; baseline 0.003 -16"><span class='ocrx_word' id='word_1_330' title='bbox 196 4149 235 4214; x_wconf 66' lang='lat'>47·</span> <span class='ocrx_word' id='word_1_331' title='bbox 249 4150 330 4212; x_wconf 75' lang='lat' dir='ltr'>Quum</span> <span class='ocrx_word' id='word_1_332' title='bbox 339 4155 367 4198; x_wconf 89' lang='lat' dir='ltr'>tu</span> <span class='ocrx_word' id='word_1_333' title='bbox 377 4151 486 4200; x_wconf 82' lang='lat' dir='ltr'>desistis.</span> <span class='ocrx_word' id='word_1_334' title='bbox 497 4150 599 4200; x_wconf 83' lang='lat' dir='ltr'>Desisti</span> <span class='ocrx_word' id='word_1_335' title='bbox 606 4165 667 4200; x_wconf 86' lang='lat' dir='ltr'>cum</span> <span class='ocrx_word' id='word_1_336' title='bbox 717 4159 800 4213; x_wconf 84' lang='lat' dir='ltr'>teres,</span> <span class='ocrx_word' id='word_1_337' title='bbox 812 4152 890 4201; x_wconf 84' lang='lat' dir='ltr'>silens</span> <span class='ocrx_word' id='word_1_338' title='bbox 900 4150 1001 4211; x_wconf 81' lang='lat' dir='ltr'>adstat,</span> <span class='ocrx_word' id='word_1_339' title='bbox 1024 4168 1080 4202; x_wconf 88' lang='lat' dir='ltr'>non</span> <span class='ocrx_word' id='word_1_340' title='bbox 1091 4154 1174 4203; x_wconf 82' lang='lat' dir='ltr'>silent.</span> <span class='ocrx_word' id='word_1_341' title='bbox 1184 4150 1221 4204; x_wconf 79' lang='lat' dir='ltr'>fl.</span> 
     </span>
    </p>
   </div>
   <div class='ocr_carea' id='block_1_7' title="bbox 0 0 1373 4816">
    <p class='ocr_par' dir='ltr' id='par_1_12' title="bbox 0 0 1373 4816">
     <span class='ocr_line' id='line_1_41' title="bbox 0 0 1373 4816; baseline 0 0"><span class='ocrx_word' id='word_1_342' title='bbox 0 0 1373 4816; x_wconf 95' lang='lat' dir='ltr'> </span> 
     </span>
    </p>
   </div>
  </div>
 </body>
</html>
