2624 4816
262 390 540 489 rr'rusrruu
568 424 665 491 ern.
693 425 761 492 rv.
790 426 940 494 nunu.
970 430 1024 496 11.

166 561 349 637 Terribiles
364 563 455 647 aliis,
471 564 742 664 immemoresque
759 565 820 638 sui.

115 684 274 780 Quorum
292 687 369 782 pars
387 709 519 768 causas,
538 699 571 754 et
584 711 656 770 res,
674 701 707 755 et
722 684 854 757 nomina
872 703 1017 784 quaeret:

168 796 252 868 Pars
268 794 407 881 referet,
426 795 575 894 quamvis
589 795 720 869 noverit
735 797 805 896 ipsa
824 824 940 896 parum
956 827 964 869 :

118 915 174 999 ls,
193 912 251 1012 qui
269 911 408 984 Sidonio
424 910 530 1005 fulget
549 911 702 984 sublimis
718 912 752 983 in
769 930 886 1002 ostro,

169 1027 250 1098 Dux
265 1026 372 1098 luerat
385 1024 467 1098 belli
482 1055 490 1096 ε
505 1025 676 1124 proximus
696 1025 751 1098 ille
767 1026 842 1099 duci
858 1055 867 1099 ε
895 1053 899 1060 ·

121 1143 207 1229 Hic,
225 1142 283 1240 qui
299 1169 388 1213 nune
405 1141 441 1212 iu
456 1140 559 1214 humo
573 1139 684 1213 lumen
701 1140 884 1216 miserabile
901 1142 992 1239 figit,

169 1261 248 1331 Non
264 1258 329 1331 isto
346 1257 460 1346 vultu,
478 1287 581 1357 quum
597 1258 675 1330 tulit
689 1286 798 1346 arma,
815 1258 900 1332 fuit:

121 1374 183 1448 llle
198 1374 311 1462 seror,
330 1373 435 1447 oculis
452 1392 484 1446 et
502 1374 610 1447 adhuc
627 1373 806 1447 hostilibus
822 1377 958 1465 ardeus,

171 1492 336 1563 Hortatur
352 1516 472 1590 pugnae
488 1488 726 1588 consiliumque
743 1489 826 1562 fuit:

123 1607 275 1681 Perfidus
291 1607 346 1678 hic
362 1623 497 1679 nostros
515 1606 650 1678 inclusit
666 1606 778 1679 fraude
796 1605 965 1695 locorum,

169 1723 341 1826 Squallida
358 1721 531 1822 promissis
549 1722 606 1821 qui
626 1722 708 1815 tegit
725 1750 782 1794 ora
799 1722 926 1794 comis:

125 1837 210 1927 Illo,
232 1837 290 1939 qui
307 1835 472 1935 sequitur,
491 1835 606 1908 dieunt
617 1852 757 1908 mactata
774 1834 928 1908 ministro

126 1997 301 2066 t0s‚namqui
309 1996 396 2065 primo
404 1987 510 2048 luerint
520 1993 634 2060 feroces,
683 1991 787 2046 insidias
799 1993 967 2062 precipitavit
980 1993 1131 2064 Romanos,
1146 2007 1193 2050 aut
1213 2014 1217 2021 ¹

127 2088 190 2130 tuuc
200 2086 278 2129 erant
288 2073 400 2126 humiles
412 2083 438 2126 et
451 2072 635 2140 abjecti—Pro
682 2070 710 2122 in
724 2072 778 2124 loca
789 2071 862 2124 duxit
873 2071 970 2140 iniqua.

126 2167 239 2224 tempore.
259 2152 358 2205 Habita
374 2150 499 2218 temporis
516 2150 634 2215 ratione,
716 2148 755 2214 34.
768 2150 899 2216 Squallida
905 2153 1014 2215 prole'tr’s
1027 2154 1071 2219 qni
1078 2157 1140 2219 lepti
1148 2172 1193 2205 ora

128 2231 197 2303 quod
215 2229 314 2300 poscit,
327 2239 356 2281 ut
367 2229 428 2281 victi
439 2226 563 2280 ferociam
582 2245 636 2295 po·
683 2231 768 2278 comis.
790 2225 919 2279 Veterum
934 2224 1039 2295 plurimi
1056 2233 1192 2293 detunsis,

127 2308 306 2364 nant-Am&
309 2325 357 2374 pro
364 2316 469 2372 tempore
476 2323 568 2356 versos.
576 2305 636 2357 Hoc
683 2304 724 2358 rel
734 2308 864 2369 drinissrlq
880 2305 956 2374 prim.
971 2307 1090 2359 Vatican.
1107 2318 1134 2360 et
1148 2326 1193 2361 sex

128 2398 163 2442 est
173 2395 291 2439 mutatos
301 2423 309 2450 ,
320 2393 348 2436 et
358 2382 478 2450 dejectos.
490 2381 583 2434 Malim
596 2391 636 2434 ta·
684 2382 726 2435 alii
737 2388 884 2449 μνονηίπιέ,Ι
900 2382 971 2450 quod
982 2402 1076 2435 verum
1089 2395 1128 2441 est
1139 2404 1145 2437 :
1156 2384 1193 2439 sic

127 2481 188 2517 rnen
202 2471 311 2516 mestos.
323 2461 358 2512 H.
684 2461 717 2512 de
733 2459 813 2513 Gallis
831 2460 937 2526 Livius,
958 2459 1001 2512 lib.
1019 2461 1108 2527 vlu,
1123 2461 1192 2514 bello

157 2543 199 2608 2⁴.
220 2539 353 2592 Tcm'biles
369 2541 439 2589 alt't's.
453 2535 573 2603 cernel,
588 2535 636 2587 ln·
684 2539 1192 2608 Maced.«Proceracorporafflromisgae

128 2621 202 2690 quit,
220 2618 333 2688 populus
354 2616 416 2669 alios
437 2616 550 2684 captivos
569 2614 635 2667 truci
684 2628 711 2671 et
722 2619 1193 2687 rutilataecomae,vastaseuta‚prae-

128 2699 218 2764 vultu,
235 2707 362 2765 tanquam
373 2695 394 2748 si
407 2703 493 2747 essent
508 2693 635 2756 victores,
683 2697 755 2766 longi
768 2696 877 2766 gladii.»
890 2695 959 2749 Vide
972 2697 1080 2749 Festum
1093 2697 1121 2748 in
1129 2717 1193 2764 pm-

129 2775 198 2846 quod
208 2775 251 2828 his
261 2773 327 2827 solet
336 2771 458 2840 evenire,
471 2770 515 2838 qui
525 2770 565 2822 sui
575 2779 636 2823 sunl
684 2782 787 2828 mersum
799 2779 925 2842 capillum.
945 2773 1080 2842 Superiori
1097 2794 1192 2844 versu,

129 2855 308 2907 immemores.
684 2855 844 2922 prorirclusit
845 2851 1056 2919 fraude,primre
1064 2850 1192 2905 editiones

160 2935 202 2984 25·
213 2933 306 2993 EM,
314 2933 447 2982 ‘stomin‘
454 2927 637 2996 quererem-
685 2945 712 2987 et
723 2933 810 3000 scripti
824 2931 945 3001 quidam,
957 2936 1045 2984 illusit.
1057 2931 1094 2984 H.
1143 2962 1146 2967 ·

128 3030 184 3078 pm
202 3013 305 3063 nomime
325 3005 539 3074 Hamburgenslt·
556 3005 636 3057 Forte
718 3011 758 3063 35.
774 3012 826 3062 Illo
843 3015 964 3063 mistro.
981 3009 1135 3062 Ministrum
1150 3029 1192 3063 sa-

131 3091 395 3158 etregnmctnomina5
403 3085 637 3151 vetetgestmetno
685 3108 790 3142 crorum
805 3087 925 3157 intelligit
936 3127 943 3154 ‚
955 3107 985 3140 ex
996 3086 1140 3140 Druidibus
1149 3087 1195 3140 ali-

132 3175 216 3233 mina‚·
230 3184 280 3236 pro
291 3183 385 3218 causas
398 3164 476 3217 etlam
489 3182 577 3223 ausus,
596 3161 638 3214 vel
686 3185 772 3236 quem.
790 3165 886 3220 Scribit
905 3165 977 3218 enirn
996 3163 1105 3232 Ctesar,
1125 3164 1193 3218 libro

133 3249 192 3320 quid
202 3248 255 3302 tale
265 3246 370 3299 videtur
380 3242 571 3313 reponendum.
584 3243 620 3294 H.
688 3243 840 3297 Comment.
855 3244 911 3310 v1,
924 3243 1058 3296 nationem
1071 3243 1193 3295 omniurn

162 3328 202 3380 nb.
215 3328 320 3379 Noverit
329 3327 383 3376 illa.
391 3325 453 3390 Ipsa
463 3322 558 3373 rectius
569 3338 637 3371 unus
686 3321 823 3374 Gallorum
843 3340 896 3374 esse
916 3320 1060 3373 admodum
1077 3319 1192 3372 deditam

134 3407 283 3472 Medicam,
296 3414 323 3457 et
333 3407 361 3456 Is
371 3423 419 3472 pro
431 3405 482 3455 Hic
495 3400 637 3454 Medonia·
686 3400 869 3469 religionibus:
882 3411 958 3469 atque
971 3402 1004 3452 oh
1018 3419 1076 3453 eam
1088 3416 1192 3451 cansam

134 3504 192 3552 nus,
206 3502 285 3537 versu
298 3482 425 3551 proximo.
438 3480 475 3533 H.
688 3479 732 3547 qui
740 3489 802 3531 sunt
811 3477 905 3531 adlecti
913 3478 1071 3548 gravioribus
1079 3474 1191 3540 morbis,

160 3584 202 3634 ²7·
215 3565 284 3626 Ηίι,
302 3564 347 3629 qui
354 3561 465 3611 Sidonio.
478 3563 584 3623 Μίμησις
598 3563 639 3606 est
688 3554 783 3623 quique
798 3555 824 3606 iu
840 3555 932 3622 praeliis
946 3554 1115 3622 periculisque
1126 3570 1192 3603 ver-

134 3639 340 3703 narrandumne
347 3635 428 3705 digito
435 3642 640 3688 commonstrari·
687 3642 791 3697 santur,
812 3651 860 3701 pro
877 3632 986 3685 victimis
999 3631 1119 3683 homines
1134 3629 1192 3681 im-

135 3719 198 3772 tium
208 3737 215 3772 ι
227 3717 281 3770 Hie
292 3714 381 3768 luerat
393 3713 507 3766 bostium
520 3729 638 3764 summus
687 3709 786 3762 molare
795 3749 802 3776 ,
812 3719 889 3762 autse
900 3706 1078 3761 immolaturos
1086 3724 1193 3771 vovere,

136 3797 283 3870 imperator.
293 3791 533 3860 P.—H1·squidam
542 3788 639 3854 :male;
688 3785 898 3856 administrisque
907 3786 938 3839 ad
946 3805 977 3837 ea
987 3782 1109 3836 sacrificia
1117 3783 1194 3836 Drui-

140 3878 186 3930 Βία
197 3875 254 3938 alii;
267 3877 296 3926 Is
307 3871 460 3925 Medonian.
472 3869 573 3922 melius.
688 3867 763 3919 dibus
771 3866 825 3918 uti:
839 3866 883 3934 qui
891 3883 939 3934 pro
945 3864 997 3916 vita
1006 3862 1133 3926 bominis,
1143 3862 1193 3916 nisi

166 3974 205 4027 aq
222 3954 319 4005 lumen
336 3951 475 4002 me'serabr'le
484 3949 554 4016 fixit.
572 3947 642 4014 lb'git
688 3942 857 3995 vitabominis
863 3941 995 4006 reddatur,
1004 3958 1058 3992 non
1068 3959 1192 4009 posseuu·

140 4031 216 4084 multi.
228 4030 265 4083 H.
689 4041 751 4075 men
764 4022 885 4075 Deorum
896 4019 1084 4071 immortalium
1098 4018 1194 4089 placari

169 4110 208 4162 33.
225 4109 326 4162 Fraude
340 4109 457 4160 Iocorum,
475 4101 640 4156 Germanum
690 4101 894 4162 arbitrabantur,
910 4096 1063 4166 publiceque
1076 4097 1193 4165 ejusdem

145 4186 299 4256 transfugam
307 4181 483 4257 denotqt‚qui
490 4182 517 4235 in
526 4179 640 4236 bostium
690 4178 791 4248 generis
810 4175 928 4230 instituta
948 4173 1047 4228 babent
1064 4173 1194 4230 sacrificia.

233 4286 324 4359 VII.
431 4329 434 4337 -
1000 4301 1036 4342 11
