2624 4816
124 404 184 469 rsso
401 403 441 468 P.
474 396 649 472 OVIDII
674 402 900 485 NASONIS

115 545 278 642 Tempore
295 559 388 642 paret
405 569 512 642 equus
527 541 625 615 lentis
641 544 810 619 animosus
827 547 989 639 habenis,
1010 554 1014 561 ’

164 658 210 730 Et
224 656 354 757 placido
375 655 477 729 duros
494 656 617 757 accipit
632 686 686 732 ore
704 658 836 760 lupos:¹

115 776 278 874 Tempore
294 775 474 847 Pomorum
490 775 710 874 compescitur
725 776 773 850 ira
789 776 942 867 leonum,

163 893 233 963 Nec
249 887 362 964 feritas
379 889 504 976 animo,
522 917 595 989 quae
611 888 675 961 suit
692 909 786 979 ante,
803 911 935 966 manet:

115 1007 265 1107 Quaque
281 1006 333 1081 sui
348 1005 484 1079 monitis
501 1005 710 1104 obtemperat
727 1007 810 1081 Inda
826 1008 976 1106 magistri

164 1118 299 1207 Bellua,
319 1120 489 1193 servitium
506 1135 653 1220 tempore
670 1119 755 1195 victa
772 1122 885 1197 subit:

86 1314 89 1319 ,
116 1239 281 1338 Tempus,
298 1254 338 1310 ut
353 1235 493 1311 extentis
508 1253 632 1309 tumeat
646 1234 724 1309 sarit
741 1265 803 1310 uva
819 1237 975 1327 racemis,
1073 1250 1078 1261 '

113 1384 132 1421 .·
166 1355 298 1454 Vixque
314 1381 442 1426 merum
459 1350 590 1450 capiant
608 1378 727 1446 grana,
748 1351 835 1452 quod
853 1352 944 1428 intus
960 1355 1103 1429 babent:
1140 1393 1162 1427 ιο

114 1468 262 1568 Tempus
278 1485 311 1541 et
328 1468 363 1539 in
382 1485 603 1539 canas'semen
619 1464 773 1565 producit
788 1468 926 1558 aristas,
1092 1492 1096 1497 '
1163 1450 1172 1503 ³

163 1582 209 1654 Et
225 1610 267 1654 ne
285 1581 352 1655 sint
370 1582 458 1655 tristi
475 1609 574 1680 poma
585 1587 706 1680 'sapore
724 1579 819 1653 facit:

115 1699 190 1771 Hoc
208 1712 322 1770 tenuat
340 1695 471 1768 dentem
489 1711 591 1768 terras
608 1695 796 1769 renovantis
813 1698 933 1788 aratri,
996 1723 1000 1730 ·

164 1812 239 1884 Hoc
253 1809 374 1904 rigidas
392 1809 520 1899 silices,
538 1811 603 1884 boe
621 1803 791 1885 adamanta
807 1812 904 1886 terit:

113 1977 148 2031 tia
156 1974 366 2045 aliaasuperiore
375 1984 414 2028 est
424 1986 463 2029 :et
474 1995 556 2044 quum
568 1976 622 2033 baec
669 1997 751 2032 semea
767 1981 884 2045 perducit
902 1983 1005 2033 atritas.
1023 1981 1158 2034 Prosocero

114 2054 248 2124 querelam
267 2054 378 2106 miseria
397 2072 450 2107 sure
470 2056 619 2121 continuat,
669 2056 1158 2127 unusvaticaemperfflosltd.specta.

113 2133 157 2187 illa
169 2142 258 2185 autem
270 2130 479 2202 impetitionem
493 2131 548 2186 haec
560 2151 622 2201 pro·
670 2131 739 2201 Lege
747 2137 855 2199 speram,
870 2133 1040 2201 velsepetem
1056 2146 1159 2190 autores·

114 2211 210 2264 miscue
224 2207 256 2263 ad
267 2227 359 2262 ornnes
367 2210 472 2275 amicos,
483 2211 535 2263 sive
543 2209 622 2264 lecto·
669 2225 737 2272 sem,·
757 2228 805 2278 pro
811 2212 928 2277 perducit
940 2231 979 2279 pr.
991 2212 1075 2267 Vatic-
1087 2224 1112 2267 et
1126 2208 1159 2263 alii

114 2307 170 2355 res,
182 2285 225 2340 illa
237 2286 270 2340 ad
277 2287 431 2341 solumeum
439 2288 513 2354 eujus
521 2307 621 2342 nomen
669 2287 776 2356 plurimi
789 2291 918 2356 producet.
932 2290 1034 2345 Hmts.

115 2386 147 2419 ex
163 2365 363 2420 circumstantiis
383 2365 517 2433 describit,
537 2367 620 2436 perti·
704 2385 741 2418 12.
754 2369 793 2419 Ne
804 2370 857 2418 slot
866 2371 936 2419 tristi
941 2386 1021 2434 poma
1032 2388 1117 2439 sapose
1122 2367 1160 2436 sa

115 2463 179 2497 nere
191 2442 304 2495 videtur.
317 2440 420 2495 Mtcrt.
452 2446 454 2451 ’
669 2447 710 2496 cit.
720 2445 797 2496 Caret
803 2443 936 2512 eleganter
945 2444 1088 2501 Leidensis.
1096 2447 1126 2500 H.

101 2550 110 2566 ι
147 2522 171 2574 3.
184 2524 279 2574 Lentr‘s.
291 2519 465 2582 Flexibilibus.
705 2523 742 2574 13.
756 2525 862 2576 Dantem
880 2536 968 2577 terram
974 2529 1099 2594 fiodeotr‘s
1114 2543 1161 2578 m-

146 2605 170 2668 4.
177 2604 261 2653 Duras
271 2603 352 2668 lupos.
361 2600 436 2653 Dura
445 2600 532 2653 fraena.
539 2601 623 2668 Lupa·
669 2603 709 2652 In'.
724 2597 803 2652 Multi
816 2609 895 2652 terras
896 2604 1036 2670 findentes.
1052 2603 1093 2656 vel
1105 2604 1161 2655 scio-

112 2690 140 2734 ta
152 2690 240 2733 autem
253 2677 381 2748 intelligit.
400 2679 447 2732 Est
459 2680 530 2731 enim
542 2684 622 2746 lupa·
669 2682 765 2744 deutri,
774 2680 909 2732 Barberin.
917 2692 1004 2751 etopt,
1012 2682 1163 2737 Medianum

113 2767 177 2817 lum,
191 2757 304 2810 frasnum
314 2777 444 2826 asperum,
454 2757 623 2826 quoequiie·
670 2755 771 2808 duobus
784 2755 838 2809 aliis
855 2768 882 2810 et
899 2758 987 2826 priscis
1004 2759 1163 2822 editionibus,

115 2835 228 2887 roriores
236 2834 443 2888 coercenturmic
450 2835 563 2900 dictum,
574 2853 623 2886 au·
670 2844 750 2887 terras
757 2840 916 2897 renovantis,'
926 2846 952 2888 et
963 2837 1063 2905 piacet:
1074 2854 1165 2892 nuova·

115 2921 187 2962 ctore
207 2911 318 2976 Servio,
337 2914 352 2962 b
370 2912 464 2980 lupinis
482 2911 621 2976 dentibus,
670 2931 697 2962 re
710 2920 799 2963 terram
808 2930 856 2979 pro
862 2929 935 2964 orare
941 2914 1036 2981 passim
1045 2922 1166 2969 vetereset

118 2988 163 3055 qui
174 2988 314 3056 inaequaies
326 2999 393 3040 sunt.
671 2990 766 3043 Noster
777 3007 856 3056 serpet
867 3001 898 3043 ut
906 2990 972 3043 Met.
984 2993 1009 3057 1,
1024 3012 1071 3046 rro
1081 3010 1087 3044 :
1099 3015 1111 3039 a
1120 2992 1166 3047 Nec

148 3068 171 3117 5.
185 3069 361 3132 compescam.
377 3067 538 3131 Compellitor
552 3065 622 3117 Mo-
669 3077 809 3119 renovatus
820 3085 880 3134 ager
890 3068 1001 3135 gravidis
1007 3069 1167 3124 cauebatari·

116 3142 174 3197 reti.
186 3144 307 3195 Soevorom
319 3147 416 3195 leonum
428 3143 508 3194 Bern.
669 3146 731 3220 stisp
741 3165 754 3188 »
762 3144 830 3195 inira
841 3145 880 3196 ΕΙ.
890 3160 941 3208 xit,
951 3147 982 3198 23
990 3166 997 3199 ε
1004 3169 1018 3194 «
1025 3147 1126 3205 Fertilis
1132 3146 1167 3201 ad·

120 3213 122 3217 ’
149 3241 171 3290 7.
183 3221 249 3272 Inda
260 3223 349 3272 bellua.
367 3219 542 3287 Elephantes,
562 3221 622 3287 quia
669 3221 829 3273 siduosinon
837 3232 979 3275 renovetur
987 3235 1085 3289 aratro,
1092 3225 1169 3280 Nilni·

115 3299 240 3369 paulatim
257 3299 384 3367 magistris
401 3318 490 3366 parere
511 3318 623 3352 consue·
670 3301 690 3351 si
698 3317 758 3352 cum
766 3300 845 3366 spinis
855 3318 962 3367 gramen
970 3300 1077 3357 babebit
1085 3323 1168 3372 ager.»

116 3388 212 3431 verunt
222 3396 298 3429 :narn
309 3395 399 3445 regem
411 3376 566 3441 adorabant,
576 3397 623 3446 ge·
675 3379 765 3427 Terras
773 3381 895 3442 patientis
906 3397 946 3446 pr.
959 3379 1044 3433 Vatic.
1056 3380 1169 3434 Aniorte

115 3475 168 3508 uua
187 3451 391 3519 submittebant,
410 3472 518 3505 coronas
537 3454 623 3523 porri·
669 3453 835 3505 scribendum
858 3472 896 3505 :a
914 3454 1049 3510 Adtenuat
1069 3458 1171 3512 dentem

116 3533 227 3603 gabant,
239 3530 346 3584 funibus
353 3530 481 3584 subibant.
494 3531 573 3583 Mtte.
671 3543 774 3600 tempus
785 3533 905 3602 patientis
913 3536 991 3588 aratri
1001 3576 1009 3603 ,
1020 3558 1034 3583 o
1043 3549 1074 3592 ut
1087 3540 1172 3591 Amor.

147 3632 170 3683 9.
178 3615 307 3665 Racemr's.
320 3611 428 3663 Racemi
445 3611 547 3678 proprie
561 3619 622 3662 sunt
671 3612 885 3679 tib.1,Et.utt.31
898 3632 904 3666 :
918 3635 931 3660 a
945 3616 1018 3686 Ergo
1026 3636 1109 3687 quum
1118 3616 1172 3672 sili-

116 3711 172 3744 uvre
179 3689 568 3760 minores,granisexilioribus;
577 3688 622 3757 qui
670 3709 725 3756 ces,
738 3710 820 3758 quum
829 3691 893 3745 dens
904 3693 1026 3761 patientis
1036 3695 1115 3751 aratri
1125 3695 1174 3748 De·

116 3770 270 3838 plerumque
291 3773 305 3822 a
323 3767 556 3820 vindemiatoribus
575 3768 622 3820 sub
670 3781 778 3837 pereant
791 3790 875 3822 aevo.»
888 3771 987 3826 Hnnts.

117 3849 240 3917 pampino
253 3849 363 3902 latentes
377 3844 544 3914 fallentesque
559 3845 621 3898 reli·
704 3850 743 3914 14.
755 3852 863 3916 Rapidos
871 3853 964 3902 silices.
973 3853 1175 3920 Kigr'dasmelio

98 3949 100 3953 ⁴
116 3924 163 3990 cti,
177 3937 234 3992 post
241 3926 405 3995 colliguntur.
670 3946 711 3978 res
724 3945 819 3996 magno
830 3947 957 3992 numero;
972 3930 1046 3984 sicet
1058 3931 1126 3987 alibi.
1139 3932 1174 3984 H.

152 4021 189 4053 rr.
205 4006 310 4072 Tempus
318 4018 344 4058 et
351 4012 378 4058 in
390 4020 477 4058 canas.
490 4001 623 4072 Tempore
670 4006 739 4057 -ln
752 4025 779 4058 re
787 4016 840 4058 tam
848 4006 939 4075 dubia,
952 4008 984 4062 ad
994 4009 1176 4064 veteremedi·

116 4078 196 4132 etiarn
218 4078 350 4137 frumenta
369 4093 525 4149 nascuntur,
546 4094 573 4136 et
591 4082 623 4135 ad
671 4091 759 4134 torum
768 4082 909 4137 lectionem
921 4084 1002 4152 redii,
1015 4086 1076 4156 quia
1084 4087 1110 4140 id
1121 4107 1174 4142 ser-

120 4156 297 4212 maturitatem
314 4160 479 4228 perrenitmt.
497 4161 528 4214 In
544 4179 624 4216 canas
670 4160 786 4215 vandum
794 4163 941 4231 arbitrarer,
950 4164 1023 4220 unde
1031 4166 1128 4236 gratior
1134 4185 1171 4220 au·
