2624 4816
112 393 179 478 44⁸
397 395 437 460 e.
462 394 637 462 ovron
661 394 891 467 ursonis

112 532 214 627 Signa
234 559 368 632 quoque
385 532 419 605 in
434 531 512 606 sella
528 562 660 608 nossem
680 535 818 611 formata
836 537 968 628 euruli;

159 648 206 719 Et
224 662 331 718 totum
349 645 501 719 Numidae
517 646 671 748 sculptile
686 649 795 723 dentis
813 678 910 750 opus.

111 760 278 860 Aequum
294 760 452 860 Tarpeias
468 787 555 834 esses
571 761 734 871 deductus
750 762 786 835 in
803 793 914 851 arces,

162 878 253 950 Dum
269 876 400 951 caderet
416 878 510 976 jussu
526 878 659 952 victima
677 907 768 952 sacra
785 895 862 966 tuo;
1151 905 1176 957 30

112 994 170 1066 Me
190 1019 324 1092 quoque
342 1009 468 1066 secreto
487 1009 598 1089 grates
616 993 680 1067 sibi
696 1022 839 1089 magnus
855 1011 1011 1090 agentem

162 1107 336 1194 Audisset,
354 1107 460 1182 media
477 1109 536 1209 qui
553 1108 645 1182 sedet
661 1108 745 1197 aede,
763 1111 865 1184 Deus.

113 1226 270 1324 Turaque
286 1240 395 1297 mente
414 1224 519 1319 magis
534 1222 634 1324 plena
652 1254 750 1325 quam
769 1225 880 1315 lance,
899 1226 1088 1319 dedissem,

163 1342 230 1414 Ter
245 1358 363 1441 quater
381 1340 511 1441 imperii
528 1339 624 1414 laetus
640 1339 770 1415 honore
786 1342 847 1414 tui.

114 1456 180 1528 llic
197 1484 259 1550 ego
276 1474 453 1556 presentes
470 1455 555 1529 inter
574 1484 765 1529 numerarer
781 1456 923 1546 amicos;

163 1571 262 1644 Mitia
277 1571 332 1669 jus
348 1570 444 1644 urbis
459 1569 489 1643 si
503 1569 604 1643 modo
622 1569 691 1643 fata
706 1569 832 1643 darent.

40 1764 41 1768 ,
117 1689 267 1789 Quaque
284 1688 367 1762 mihi
385 1688 454 1761 sola
472 1688 601 1789 capitur
617 1716 705 1761 nune
723 1706 832 1761 mente
848 1686 1028 1789 voluptas,

166 1806 262 1877 Tunc
282 1801 387 1876 oculis
406 1803 504 1875 etiam
521 1802 733 1903 percipienda
749 1803 846 1875 foret.

117 1925 195 1996 Non
210 1922 256 1994 ita
275 1917 446 1993 Caelitibus
467 1920 573 1993 visum
593 1937 659 2010 est,
679 1937 713 1993 et
729 1918 869 1992 forsitan
883 1903 1017 2018 aequis:

169 2041 254 2112 Nam
271 2037 353 2137 quid
369 2064 422 2109 me
437 2065 544 2138 poenae
563 2066 659 2112 causa
677 2054 793 2132 negata
809 2037 926 2135 juvet?
1115 2132 1118 2139 .
1154 2056 1179 2124 to

118 2156 233 2229 Mente
252 2172 382 2242 tumen,
401 2182 473 2254 quae
491 2152 561 2227 sola
576 2151 654 2227 loeo
672 2181 742 2224 non
759 2139 903 2240 exsulat,
923 2169 1024 2225 utar:

169 2274 386 2360 Praetextam,
403 2273 508 2345 fasces
528 2271 774 2371 adspiciamque
791 2288 879 2343 tuos.

121 2389 202 2461 Haec
217 2386 320 2460 modo
338 2403 369 2459 te
387 2383 514 2487 populo
532 2385 725 2460 reddentem
739 2383 812 2481 jura
828 2381 974 2471 videbit,

173 2502 218 2575 Et
233 2531 266 2576 se
283 2501 415 2575 secretis
431 2500 535 2595 finget
550 2499 663 2574 adesse
681 2498 773 2571 locis.

122 2620 221 2692 Nunc
237 2616 330 2711 longi
347 2616 473 2691 reditus
491 2617 594 2690 hastae
611 2642 798 2717 supponere
815 2611 913 2688 lustri
994 2618 998 2625 '
1158 2628 1183 2696 45

174 2738 315 2824 Cemet,
332 2754 366 2808 et
381 2752 493 2808 exacta
508 2752 626 2807 cuncta
640 2732 748 2806 locare
765 2730 838 2804 lide.

124 2903 201 2956 vestis
210 2921 362 2972 expurpura
369 2900 490 2969 dibapha,
499 2899 539 2954 bis
546 2900 637 2967 tincta,
719 2899 759 2952 36.
772 2901 822 2951 lus
834 2899 910 2949 urbis.
922 2894 972 2948 Est
985 2904 1080 2948 autem
1093 2913 1184 2949 sensus:

127 2999 186 3049 quae
194 2980 293 3033 cunctis
302 2991 358 3032 erat
367 2979 512 3048 pretiosior.
689 2976 717 3030 si
733 2977 787 3030 fato
802 2974 867 3027 mihi
883 2973 978 3026 darent
993 2973 1037 3041 jus
1050 2971 1186 3026 urbiszhoc

160 3061 199 3112 28.
207 3061 327 3112 Ellelum
335 3077 398 3127 opus
408 3061 531 3124 scumile.
541 3055 572 3110 Id
581 3065 636 3122 est,
688 3064 741 3122 est,
751 3063 782 3106 ut
794 3071 896 3124 possem
907 3051 936 3104 in
945 3050 1012 3104 urbe
1023 3091 1031 3118 ‚
1042 3051 1096 3104 sire
1108 3051 1188 3104 Rome

127 3147 215 3190 totum
227 3155 293 3204 opus
304 3137 436 3206 sculptum
447 3136 474 3187 in
487 3155 516 3187 ea
528 3134 596 3187 sella.
605 3161 638 3172 —
686 3152 755 3199 esse,
769 3150 881 3201 praesens
892 3129 964 3181 inter
975 3138 1121 3197 praesentes
1132 3127 1188 3181 ami·

124 3217 273 3268 —Numr'doe
285 3217 376 3267 dentis.
387 3213 483 3266 Dentis
493 3211 637 3282 elephantis
686 3230 729 3265 eos
741 3221 799 3264 tuos
817 3227 981 3262 numerarer.
996 3208 1080 3263 Nunc
1096 3205 1189 3276 quando

126 3292 277 3358 Numidici,
298 3303 325 3344 et
340 3291 466 3344 Africani.
485 3292 539 3344 Pro
555 3293 638 3342 dentis
686 3291 736 3344 hoe
746 3289 887 3354 nonlicet,
901 3287 1190 3341 absensanimoeacon·

125 3368 638 3441 opus,unusMedon.den!1‘sebur,·male.
688 3365 848 3437 templabor‚
868 3381 1029 3432 quaecoram
1050 3363 1131 3418 oculis
1145 3380 1190 3416 nou

160 3451 200 3515 34.
222 3450 270 3500 Ter
281 3457 376 3515 quater.
400 3445 465 3497 Haec
480 3446 559 3498 verba
576 3444 639 3496 Me·
688 3444 906 3514 possum.P01t'r.
1142 3441 1143 3444 '

127 3529 185 3580 rula
194 3525 226 3578 ad
238 3528 361 3578 dedissem
372 3521 529 3586 turaresert3
541 3521 638 3593 Micyl-
720 3525 760 3588 41.
774 3522 928 3573 mareotae
936 3516 1035 3570 Malim
1045 3529 1192 3572 mentorem.

128 3605 168 3658 lus
182 3602 213 3656 ad
227 3607 319 3655 letus:
338 3600 463 3653 Heinsius
476 3598 639 3668 distinguens
721 3601 762 3664 4²·
771 3602 921 3651 precatam
930 3605 980 3648 ete.
987 3595 1103 3650 Vestem
1113 3613 1192 3651 consu·

129 3692 187 3752 post
204 3689 298 3749 quater,
313 3676 418 3731 videtur
433 3676 546 3729 Merulae
565 3696 639 3728 acce·
689 3677 778 3730 larem.

129 3759 200 3810 dere.
215 3755 268 3809 Sed
281 3775 364 3824 quum
373 3754 504 3808 ternarius
511 3772 639 3806 numerus
722 3755 961 3820 45.Redr'tusluslri.
970 3749 1194 3820 Proventusquin·

128 3837 157 3888 in
169 3835 247 3889 saeris
260 3834 384 3888 solemnis
398 3842 485 3899 esset,
501 3851 550 3884 nec
565 3831 640 3883 illum
690 3832 846 3902 quennales:
857 3850 920 3883 nam
930 3830 1069 3899 vectigalia
1080 3830 1193 3884 locaban-

130 3929 276 3965 numerum
286 3910 411 3964 excedere
421 3909 511 3980 religio
520 3907 638 3976 juberet,
689 3923 734 3966 tur
746 3913 776 3965 ad
790 3910 1011 3981 quinquennium.
1022 3913 1195 3980 -Supponere

132 4011 182 4062 ego
192 4010 254 4044 cum
267 3995 339 4043 letus
351 3993 450 4061 jungo:
465 3989 565 4043 dictum
576 4005 640 4040 tero
689 3997 776 4046 hasla.
786 3994 884 4047 Locare
896 3993 923 4045 in
935 3991 1038 4061 publica
1049 3993 1174 4046 auctione.

131 4069 199 4123 utin
210 4066 335 4134 formula,
348 4079 431 4139 terque
437 4077 569 4137 quaterque
579 4068 641 4120 bea·
723 4070 762 4137 46.
773 4072 943 4139 Exactafide.
955 4070 1033 4123 Bona
1044 4069 1196 4140 lide-Cre·

129 4157 172 4205 tus
182 4144 250 4216 apud
256 4144 333 4214 Virg.
347 4145 508 4218 AEn.1,94.
690 4152 738 4204 det.
750 4151 910 4204 Cernetcum
922 4167 966 4206 sex
976 4148 1086 4218 scriptis.
1100 4149 1136 4202 H.
