2624 4816
58 402 63 415 ·
110 384 177 478 494
366 385 570 454 parans
595 388 922 462 aususausus

59 498 76 553 'r
109 527 194 623 Quae
211 545 309 621 negat
324 527 512 622 ingenium,
528 528 616 602 bona
635 531 780 604 carmina
797 561 895 608 causa
912 537 1106 632 ministret,
1176 518 1179 523 .

156 644 324 743 Armaque
342 670 404 742 pro
422 643 543 716 misero
559 643 615 717 det
632 645 714 719 mibi
732 665 805 722 vate
822 649 930 727 doIor.

107 760 218 835 Caesar
233 759 415 833 inhumano
434 760 587 835 Busiride
604 763 739 850 saevior,
760 783 793 838 et
810 766 867 868 qni

156 876 323 946 Innocuos
337 871 428 945 Iento
446 873 567 948 torruit
583 875 661 970 igne
675 905 769 966 reos,
828 895 833 906 '

105 994 196 1066 Tene
213 1007 340 1091 patrem
359 990 490 1091 patriae,
510 1010 776 1093 servatoremque
794 995 989 1091 Quiritum,

154 1109 250 1183 Dixit
266 1106 413 1182 adulanti
431 1109 531 1183 Curia
549 1137 640 1183 serva
657 1113 772 1185 sono?

107 1225 143 1300 Si
162 1226 290 1329 pudor,
309 1225 461 1300 Actiacas
479 1226 519 1300 de
534 1224 650 1300 limine
666 1227 768 1325 dejice
784 1225 916 1316 lauros,

157 1341 321 1443 Civiquue
340 1359 448 1415 truces
466 1342 557 1436 tinge
573 1370 692 1416 cruore
708 1342 807 1417 sores.

107 1457 278 1554 Quercea,
297 1472 444 1530 servatos
461 1456 549 1530 cives
564 1457 722 1543 mentita,
736 1485 859 1532 corona

155 1574 329 1650 Terribilis
350 1575 420 1647 dira
438 1574 525 1668 regis
542 1574 584 1648 ab
604 1603 678 1647 arce
697 1575 802 1648 cadat.

24 1772 26 1776 ,
107 1693 235 1768 Efferat
248 1692 391 1765 edictum
408 1709 522 1791 postes
538 1689 839 1792 immanntyranni,

158 1810 237 1905 Quo
254 1809 332 1902 fuga
349 1807 475 1881 Nasoni
487 1807 580 1906 jussa
596 1827 732 1882 cruenta
749 1810 825 1882 suit.

109 1926 184 1998 Hoc
203 1923 305 2016 legat:
326 1941 376 2009 et,
393 1940 499 1995 vatem
517 1923 697 2011 miserans,
717 1923 886 1999 clementis
904 1924 1069 2028 adeptus,

124 2066 127 2073 ·
158 2039 359 2123 Posteritas,
379 2035 497 2109 samam
513 2038 677 2138 principis
692 2038 801 2127 unde,
818 2057 923 2134 roget„

107 2157 205 2230 Tune
221 2156 382 2255 Cytherea
399 2153 536 2228 deducis
553 2154 679 2250 origine
696 2155 851 2256 stirpem,

159 2275 290 2348 Caesar?
306 2291 338 2347 et
356 2272 452 2345 IdaIii
468 2273 570 2346 frater
585 2272 721 2346 Amoris
739 2276 839 2347 eras?

109 2395 167 2466 An
179 2392 255 2494 pius
270 2389 425 2463 Anchisae
440 2389 569 2485 generis
587 2387 650 2463 tibi
665 2387 755 2463 {ilius
770 2394 909 2466 auctor?

158 2505 227 2602 Qui
247 2503 367 2578 Veneri
383 2532 494 2576 carum
512 2501 608 2603 pellis
625 2504 670 2576 ab
688 2504 770 2579 urbe
787 2524 897 2605 caput.

108 2624 157 2695 Te
175 2620 274 2721 lupa,
295 2618 489 2713 Martigenae
506 2647 579 2717 quae
596 2619 741 2719 praebuit
756 2619 858 2693 ubera
876 2619 988 2720 proli,

159 2738 322 2812 Caucasea
341 2736 456 2830 genuit
474 2752 506 2807 te
522 2735 590 2808 sera
607 2754 710 2810 matre
727 2737 840 2831 tigris:

109 2855 302 2952 Romaque,
321 2869 352 2924 te
371 2850 523 2935 domino,
543 2868 668 2951 septem
687 2850 727 2923 de
747 2849 889 2926 coIIibus
907 2852 1019 2927 undas

158 2970 222 3043 Per
238 2968 382 3041 medium
399 2966 482 3039 vidit
498 2968 669 3062 sanguinis
687 2967 734 3040 ire
751 2968 871 3041 sorum.

108 3088 264 3193 Caedibus
280 3088 352 3188 ipsa
370 3086 478 3157 Dedm
495 3084 692 3158 maduerunt
712 3083 853 3184 templa3
872 3086 1023 3160 cruentis

158 3204 301 3280 Incaluit
318 3203 423 3299 guttis
441 3202 580 3276 Caesaris
596 3230 650 3275 ara
668 3200 782 3300 patris

108 3326 178 3399 Nec
194 3318 273 3394 satis
290 3318 356 3390 hoc
373 3316 455 3403 tibi,
469 3311 565 3402 dire,
583 3316 670 3388 fuit:
686 3332 738 3388 tot
752 3314 868 3387 funera
882 3333 1030 3389 mentem

157 3435 280 3511 Tristia
296 3461 364 3507 non
383 3450 538 3533 poterant
553 3449 740 3504 exsaturare
758 3429 870 3503 seram.

110 3554 250 3630 Artibus
265 3550 401 3624 exitium
419 3547 606 3649 studiisque
623 3548 764 3622 immane
778 3546 939 3647 parabas,

160 3677 205 3747 Et
220 3669 341 3744 famula
358 3669 476 3742 doctas
494 3667 579 3739 urbe
596 3663 711 3761 fugare
730 3667 828 3738 Deas.
883 3672 886 3676 ’

111 3789 243 3864 Scilicet
260 3787 329 3860 bac
345 3785 398 3859 Iex
416 3802 466 3858 est
481 3781 638 3856 violentis
653 3809 720 3856 uua
736 3783 902 3882 tyrannis,
1151 3801 1183 3854 85

159 3903 289 3999 Ingenii
305 3901 410 3976 claros
430 3898 547 3980 tollere
565 3897 648 3972 dote
657 3899 758 3971 viros.

111 4024 167 4098 Sic
182 4021 326 4095 animosa
342 4047 477 4120 parens,
498 4036 533 4092 te
548 4016 791 4119 proscribente,
810 4018 916 4093 securi

160 4137 293 4212 Tullius
311 4135 434 4235 eloquii
452 4133 535 4208 colla
552 4133 692 4209 secan&
706 4120 812 4223 dedit;
