2624 4816
261 384 329 451 nx
353 382 536 450 rouro
557 384 657 451 ιιι.
682 385 752 451 ιιι.
780 386 951 455 uersu.
980 393 1024 460 v.
1109 395 1171 478 ιιι

150 525 320 623 Tectaque
338 522 482 597 brumali
499 522 562 596 sub
579 524 651 598 nive
667 542 752 599 terra
768 524 857 600 latet.
897 555 899 561 ·

99 639 220 735 Quum
240 636 382 734 gelidam
400 639 571 726 Thracen,
590 659 624 713 et
641 660 793 742 opertum
808 644 958 721 nubibus
975 649 1137 740 Haemon,
1163 674 1179 724 5

151 757 200 827 Et
217 756 317 828 maris
335 754 422 826 Ionii
441 755 636 829 transieritis
654 785 776 858 aquas3

99 874 194 944 Luce
215 872 325 946 minus
345 872 470 945 decima
488 872 653 945 dominam
671 873 808 947 venietis
827 875 862 946 in
880 877 1017 966 urbem,

152 989 203 1059 Ut
221 987 411 1062 festinatum
427 1017 496 1061 non
510 988 638 1062 faciatis
654 991 728 1063 iter.

99 1099 264 1173 Protinus
280 1100 356 1174 inde
374 1102 492 1176 domus
510 1102 607 1176 vobis
624 1103 781 1204 Pompeia
799 1122 950 1204 petatur;

151 1214 230 1285 Non
248 1230 298 1287 est
314 1215 469 1310 Augusto
485 1217 632 1315 junctior
647 1216 714 1291 ulla
731 1217 829 1289 loro:
1147 1261 1177 1298 to

99 1327 137 1399 Si
158 1329 253 1428 quis,
272 1330 359 1404 utin
379 1331 523 1433 populo,
543 1334 602 1434 qui
619 1333 712 1421 sitis,
731 1350 764 1406 et
782 1333 889 1419 unde,
908 1337 1076 1435 requiret,

148 1446 295 1519 Nomina
312 1447 447 1548 decepta
466 1447 624 1548 quaelibet
642 1478 719 1523 aure
735 1449 830 1523 ferat.

99 1563 149 1634 Ut
167 1564 213 1637 sit
229 1563 315 1636 enim
332 1584 461 1652 tutum,
479 1567 566 1640 sicut
579 1596 654 1641 reor
670 1596 757 1655 esse,
775 1568 890 1654 fateri,

148 1680 262 1755 Verba
279 1682 388 1757 minus
407 1702 493 1757 certe
508 1684 585 1758 ficta
603 1685 733 1759 timoris
751 1685 887 1759 habent.

99 1797 209 1897 Copia
225 1825 285 1870 nec
301 1798 398 1870 vobis
413 1798 484 1871 ullo
501 1800 701 1900 prohibente
718 1801 849 1885 videndi

149 1915 326 2002 Consulis,
343 1933 382 1988 ut
398 1914 499 1990 limen
515 1919 742 2014 contigeritis,
764 1922 836 1992 erit.

99 2028 172 2100 Aut
185 2045 279 2123 reget
295 2025 351 2102 ille
369 2057 449 2103 suos
466 2028 607 2104 dicendo
622 2034 697 2131 jura
712 2033 882 2128 Quirites,

131 2196 156 2261 4.
173 2195 259 2247 Terra.
275 2195 329 2247 Per
342 2215 421 2262 quarn
436 2197 575 2249 ostendit
568 2198 613 2250 rti-
696 2218 735 2251 ιο.
750 2201 814 2251 Foro
832 2201 958 2267 Angusto.
973 2197 1044 2251 Foro
1058 2199 1173 2268 Augusti

99 2291 302 2340 nemsmagnam
310 2272 510 2327 difficultatem
517 2285 543 2328 et
551 2274 612 2328 ideo
661 2274 752 2331 addito
763 2276 867 2330 duobus
882 2275 937 2328 aliis
950 2264 1020 2329 soris.

99 2348 321 2417 dixirpoeradte,
330 2354 398 2403 leves
407 2357 489 2419 elegi
498 2351 548 2405 hoe
556 2363 611 2419 est
697 2374 735 2408 ιι.
747 2357 923 2444 [ltippopnlo
934 2352 1171 2422 Quemadmodum

99 2426 204 2480 celeres.
661 2431 770 2501 vulgus,
789 2433 842 2485 sive
863 2431 974 2500 populus
994 2431 1060 2483 solet
1064 2432 1173 2518 'requi-

131 2508 156 2559 5
171 2507 347 2572 Quagelidam
360 2508 483 2559 Thracen.
499 2506 612 2561 Thracia
661 2529 728 2565 rere.
739 2537 772 2548 —
788 2512 911 2577 Quirini.
921 2506 1106 2576 Quonoruine
1122 2508 1174 2561 ad—

99 2585 611 2677 reginestsecuudumlndiarnornnium
660 2570 803 2657 pellemini
825 2614 858 2626 -
873 2591 911 2639 Et
928 2592 1001 2641 unde.
1018 2587 1053 2640 Et
1072 2608 1104 2641 ex
1121 2606 1172 2657 qua

99 2663 220 2717 maxima.
234 2646 269 2717 Et
281 2682 341 2732 quta
352 2664 534 2734 septemtrionr
548 2683 613 2734 pro·
660 2677 738 2736 gente
757 2665 875 2719 veniatis.
893 2694 927 2704 -
944 2668 1069 2737 Beqm'rel
1091 2665 1171 2721 Multi

99 2742 168 2795 xima
179 2751 232 2802 est,
244 2740 306 2794 ideo
315 2752 393 2810 poeta
398 2747 509 2809 gelidam
522 2741 612 2810 adpel-

98 2823 142 2877 lat.
153 2851 188 2862 ·-
196 2823 235 2874 Et
249 2833 356 2888 opertum
370 2827 476 2875 nubibus
490 2825 611 2879 Hermum.

99 2905 204 2956 Humor
216 2902 406 2971 Fragmentum
416 2901 534 2955 Varieet
546 2900 612 2972 Gry·

99 2978 254 3049 phiieditio:
267 2979 302 3032 sic
314 2980 378 3033 etin
387 2979 498 3032 Metam.
506 2977 549 3031 lib.
559 2980 609 3046 Vl,

99 3081 164 3115 vers.
177 3064 226 3130 873
240 3059 367 3129 superiori
376 3079 452 3115 versu
460 3099 467 3126 ‚
475 3063 613 3125 terrariget

98 3158 153 3193 non
171 3138 241 3192 male
259 3137 402 3193 Leidensie.
419 3138 564 3191 lintres·
575 3141 612 3191 Et

99 3224 207 3283 opertum
224 3218 331 3268 nubibus
355 3217 476 3271 Ηιιιιιιιιιι.
500 3213 611 3288 Haemus

99 3310 175 3346 mous
191 3304 249 3358 est,
269 3292 314 3360 qui
332 3292 360 3345 in
378 3292 495 3351 Pontum
507 3292 610 3361 vergit:

99 3381 205 3424 eeteros
219 3371 276 3438 ejus
295 3371 371 3439 spatii
385 3369 568 3440 magnitudine
581 3389 610 3422 ac

99 3448 255 3505 sublimitate
274 3467 400 3517 superans
410 3489 419 3517 ‚
442 3447 608 3521 mediamque

99 3526 239 3581 Thrariam
257 3524 385 3580 dividens.

127 3604 152 3657 li
163 3607 201 3659 E!
210 3613 288 3656 ιιιιιιιί
295 3608 370 3658 Ionii.
387 3604 423 3657 Et
435 3604 515 3658 mario
526 3603 608 3672 illius,

99 3680 167 3750 quod
181 3681 213 3734 ab
228 3683 304 3743 Ionia
320 3682 428 3751 regione
445 3683 473 3734 in
485 3682 610 3741 extremi-

99 3769 149 3812 tate
158 3759 271 3813 minoris
280 3760 349 3813 Asiae
360 3760 463 3827 media,
477 3761 548 3813 inter
556 3756 610 3823 Ca-

99 3836 164 3911 riam
175 3849 202 3892 et
217 3838 334 3903 AEoliam
349 3830 432 3911 risque
446 3839 478 3892 ad
492 3838 608 3891 Siciliam

99 3917 274 3985 protenditur.
288 3954 292 3960 -

129 4017 151 4064 7.
169 3998 290 4049 ch'en's.
308 3998 424 4049 Venturis
436 4016 506 4050 unus
514 3995 609 4049 Heius.

127 4076 151 4128 8.
168 4077 204 4129 Is!
214 4095 263 4128 non
267 4075 381 4142 factitiis
390 4081 442 4133 iter
446 4075 609 4143 ſsstr'natum.

99 4152 228 4220 Quamvis
239 4172 294 4206 non
305 4155 458 4223 properetis.

660 2751 785 2813 {equarum
794 2754 913 2797 nostrum
923 2761 987 2795 vero
995 2742 1091 2812 potrus,
1100 2753 1174 2795 tuen

661 2822 729 2875 tibus
740 2821 859 2890 optimis,
872 2833 899 2874 et
913 2821 1015 2874 nostris.

697 2921 733 2953 12.
747 2903 858 2953 Νοιιιὶιιιι
867 2903 989 2969 qualibet.
998 2898 1171 2967 Quotcunque

660 2977 708 3033 alia
722 2980 831 3032 nomina
843 3020 850 3044 ,
864 2998 943 3048 quam
955 2983 1049 3037 uestra.
1060 3007 1095 3043 .···
1104 2981 1173 3032 Ante

659 3061 768 3125 decepta.
790 3058 892 3113 Aurem
908 3057 985 3111 ,enim
1004 3056 1169 3125 decipimus,

660 3154 742 3202 quurn
762 3133 788 3187 id
808 3134 918 3188 dicimus
939 3133 1080 3201 audienti,
1099 3132 1169 3204 quod

659 3232 715 3287 non
726 3224 772 3265 est.
782 3216 904 3266 -Ferat
918 3213 1024 3267 Audiat.

693 3291 731 3343 13.
749 3292 784 3345 Ut
797 3297 834 3344 sit
846 3300 926 3353 tntum
934 3291 1023 3359 fateri.
1041 3288 1170 3359 Quamvis

658 3380 692 3423 stt
700 3388 822 3427 securum
831 3382 1073 3437 nomenvestrum,
1086 3380 1113 3422 et
1122 3386 1169 3421 un·

659 3448 691 3529 de
704 3448 831 3523 veniatis,
843 3450 971 3527 profiteri

676 3518 992 3594 45.Cop1i(necuobrk
1010 3525 1063 3587 Hic
1078 3542 1167 3576 versus

658 3617 765 3672 monet,
780 3602 1168 3675 nonitaeislarilemforecon·

658 3683 720 3739 sulis
736 3685 842 3739 videndi
862 3684 982 3752 copiam,
1002 3678 1169 3750 quandoqui-

658 3761 721 3826 dem
729 3762 770 3829 ille
780 3761 897 3819 maximis
906 3761 932 3813 in
941 3760 1020 3828 rebus
1030 3769 1168 3826 occupatus

659 3841 841 3906 erite-,Nullo
847 3841 1002 3908 probibente.
1019 3839 1078 3889 Ulla
1093 3837 1168 3890 Junii

658 3918 740 3972 codex
754 3931 781 3973 et
792 3927 922 3986 postrema
937 3915 998 3968 Aldi
1016 3934 1077 3968 cum
1090 3913 1168 3986 Gry-

659 3995 769 4065 phium,
782 3993 851 4063 quod
861 3991 937 4047 malo.
946 3992 1112 4061 lle-Aliquo
1122 3987 1168 4059 qui

658 4074 730 4135 vobis
738 4072 763 4125 id
772 4071 909 4143 prohibeat
916 4093 923 4135 ;
931 4070 976 4124 sed
986 4071 1170 4141 occupationes

659 4153 768 4222 publicae
779 4151 806 4205 id
817 4170 873 4204 non
883 4151 982 4206 sinunt.
1076 4217 1079 4225 1
