2624 4816
257 416 325 481 nx
349 398 655 483 ronanam.
682 397 751 483 iv.
778 400 943 484 uersu.
969 421 1037 486 rx.
1114 419 1179 502 453

169 555 245 626 Eoo
263 553 393 652 quoties
407 555 514 650 surgit
531 555 572 627 ab
592 555 671 628 orbe
689 554 767 628 dies.
897 631 900 637 ,

115 671 227 757 Tota,
245 669 320 744 licet
339 700 486 771 quaeras,
503 673 568 745 hoc
585 701 637 744 me
655 700 722 744 nou
737 671 859 768 fingere
877 673 980 762 dicet,

170 785 282 860 Officii
299 787 391 859 testis
405 786 542 860 Pontica
561 805 647 860 terra
663 788 736 861 mei.

117 902 260 975 Pontica
275 930 326 974 me
344 902 457 990 tellus,
478 903 609 1003 quantis
626 904 686 976 hac
704 933 882 1004 possumus
899 934 977 994 ora,

1137 928 1182 983 us

171 1015 319 1091 Natalem
336 1017 424 1091 ludis
442 1018 504 1090 scit
521 1017 684 1092 celebrare
700 1020 772 1092 Dei.

116 1135 190 1208 Nec
204 1135 314 1207 minus
331 1134 521 1234 hospitibus
536 1135 641 1234 pietas
657 1152 707 1207 est
724 1135 856 1229 cognita
873 1134 962 1224 talis,

171 1248 266 1320 Misit
281 1249 317 1320 in
332 1247 391 1322 bas
410 1250 439 1322 si
456 1277 542 1349 quos
559 1247 658 1343 longa
679 1249 859 1349 Propontis
875 1278 985 1351 aquas.

118 1364 154 1434 Is
173 1391 322 1463 quoque,
340 1392 407 1464 quo
426 1363 525 1437 laevus
541 1364 645 1437 luerat
660 1364 721 1438 snb
740 1364 877 1464 praeside
893 1366 1041 1453 Pontus,

169 1474 322 1549 Audierit
336 1476 437 1549 frater
452 1476 591 1553 forsitan
605 1477 667 1549 ista
682 1495 769 1550 tuns.

1134 1516 1181 1552 120

118 1591 269 1664 Fortuna
286 1608 335 1664 est
349 1591 456 1691 impar
473 1591 600 1678 animo,
621 1591 743 1691 talique
758 1591 900 1665 libenter

169 1704 316 1798 Exiguas
334 1733 433 1802 carpo
451 1731 582 1776 munere
598 1732 724 1804 pauper
741 1733 829 1804 opes.

118 1819 189 1890 Nec
203 1819 320 1891 vestris
337 1819 452 1894 damus
469 1820 536 1891 haec
555 1818 679 1906 oculis,
699 1818 816 1918 procul
832 1821 915 1895 urbe
933 1822 1070 1910 remoti3

172 1933 327 2006 Contenti
346 1934 443 2007 tacita
456 1935 515 2008 sed
529 1932 649 2032 pietate
666 1961 790 2006 sumus.

120 2051 168 2122 Et
185 2067 293 2122 tamen
309 2049 377 2124 baec
395 2068 531 2145 tangent
546 2048 725 2149 aliqnando
744 2050 881 2123 Caesaris
898 2079 1011 2124 aures:

1137 2073 1181 2124 ns

170 2164 226 2237 Nil
241 2163 356 2252 illum,
375 2182 445 2239 toto
462 2165 551 2265 quod
568 2165 606 2236 iit
621 2164 656 2235 in
673 2162 772 2249 orbe,
790 2160 878 2237 latet.

117 2284 174 2356 Tu
193 2300 281 2356 certe
296 2283 359 2356 scis
375 2282 439 2355 hoc
456 2282 591 2380 Superis
605 2280 741 2367 adscite,
757 2280 933 2380 ridesque,

170 2398 295 2484 Caesar,
314 2415 353 2470 ut
367 2415 418 2470 est
433 2396 538 2470 oculis
555 2395 687 2470 subdita
704 2413 788 2468 terra
806 2396 890 2469 tuis!

154 2611 209 2644 m.
226 2593 283 2644 Eoo
304 2598 384 2659 surgit
394 2596 428 2645 ab
440 2596 505 2645 orbe.
516 2592 559 2644 Ab
576 2612 625 2646 axe

117 2669 187 2723 liber
197 2667 288 2722 Servii.
300 2670 337 2722 H.

157 2747 210 2799 nb.
218 2748 335 2799 Natalem
341 2748 415 2798 ludis.
425 2745 513 2800 Ludos
520 2746 561 2800 hic
568 2747 626 2799 Me·

116 2822 177 2876 rula
184 2824 290 2892 exponit
299 2823 394 2889 aleam,
406 2834 433 2880 et
441 2824 538 2878 similes
546 2824 625 2879 lusus.

120 2903 181 2972 Ego
190 2921 253 2955 vero
264 2902 298 2955 de
309 2902 450 2968 athleticis,
462 2913 507 2956 ant
519 2904 625 2976 gymni-

116 2981 164 3046 cis,
174 2991 219 3035 aut
227 2980 343 3046 scenicis,
352 2980 431 3033 etiam
443 2980 559 3049 intelligo
567 3000 628 3051 poe·

119 3070 176 3112 tarn
188 3057 287 3112 dixisse.
295 3058 398 3110 Mucii..

156 3155 210 3208 rip
227 3139 255 3187 Is
272 3154 367 3203 quoque
379 3154 427 3203 quo
444 3135 622 3202 loeusfnetat,

118 3221 168 3269 etc.
180 3215 221 3268 Ut
231 3212 405 3283 intelligamus
416 3232 493 3279 eum,
508 3213 552 3281 qui
564 3214 627 3266 Μω-

120 3294 189 3346 siam
203 3293 317 3346 tenuerit
328 3312 334 3344 :
346 3292 513 3360 nequeenim
526 3292 629 3360 provin·

120 3373 190 3424 ciam
204 3372 321 3426 Pontum
335 3372 459 3436 Flaccus,
471 3371 516 3424 sed
530 3370 624 3424 lsevum

119 3448 183 3503 litus
189 3447 291 3502 Pontici
297 3449 386 3513 maris,
394 3448 444 3501 hoc
451 3457 504 3512 est,
514 3447 627 3501 confinia

121 3524 259 3579 Dacorum
275 3535 302 3578 et
313 3525 457 3590 Getarum,
469 3542 526 3592 quae
537 3524 627 3578 Maesia

119 3612 195 3667 erat,
209 3601 241 3655 ad
248 3602 331 3672 ripam
343 3602 402 3656 Istri
409 3602 456 3655 sita
466 3600 562 3654 scilicet
571 3640 578 3668 ,
587 3621 627 3654 re-

121 3688 203 3730 xerat.
211 3679 271 3732 Jam
280 3689 306 3732 et
313 3678 448 3734 sciendum
458 3719 465 3745 ,
475 3678 627 3734 Graecinum

119 3755 209 3823 bunc,
219 3757 293 3825 cujus
304 3759 468 3810 consulatum
477 3757 525 3830 hac
535 3758 627 3827 episto·

120 3833 146 3886 la
158 3835 271 3889 celebrat
280 3847 372 3904 poeta,
385 3836 413 3888 in
426 3837 542 3907 catalogo
554 3837 627 3892 Coss.

121 3913 201 3984 vulgo
213 3935 268 3969 non
279 3916 384 3981 haberi;
397 3916 448 3969 sive
465 3917 535 3969 fama
547 3916 628 3970 dece-

122 4002 184 4061 ptus
192 4003 270 4062 poeta
281 3994 345 4062 luit,
358 3993 410 4046 sire
427 3993 464 4047 illi
477 3994 628 4048 humanitus

121 4069 219 4139 aliquid
229 4070 335 4137 accidit,
344 4082 486 4140 antequam
492 4073 629 4142 magistra-

121 4157 180 4201 tum
187 4148 268 4202 iniret
278 4188 285 4214 ,
294 4159 324 4202 ut
332 4148 439 4218 quidam
449 4148 547 4219 opinati
558 4159 627 4204 sunt.

674 2591 815 2645 Mrem·
828 2592 920 2645 Levuts
925 2591 1182 2659 sueratsubpraeseiie

674 2672 776 2722 Pontus.
790 2671 878 2723 Larus
899 2671 994 2721 Pontus
1013 2689 1044 2722 ex
1063 2671 1179 2739 quinque

674 2745 790 2814 scriptis,
810 2745 878 2810 dixi,
899 2744 978 2800 Trist.
994 2747 1046 2815 lv,
1064 2748 1137 2817 Eleg.
1151 2766 1179 2814 1,

674 2842 739 2875 vers.
749 2822 789 2875 bo.
801 2822 836 2873 H.

710 2922 763 2955 rao.
776 2903 900 2954 Audierit.
908 2900 1033 2954 Audierat
1039 2900 1138 2969 Servii,
1148 2902 1178 2954 P.

676 2981 744 3033 Dan.
755 2991 781 3033 et
794 2979 855 3034 edit.
868 2979 968 3051 Gryph.
980 2989 1007 3032 et
1016 2980 1117 3034 Bersm.

711 3062 1179 3127 121.Fortunaestr'mparanimo.Non

675 3147 890 3207 possumtantum
901 3137 1017 3206 assequi,
1027 3138 1068 3191 vel
1074 3138 1176 3206 impen-

676 3214 738 3268 dere
752 3226 859 3284 propter
870 3215 1069 3285 impotentiam,
1090 3236 1179 3285 mian-

676 3304 732 3347 tum
740 3295 1002 3364 cupio,ostendendo
1010 3295 1133 3361 pietatem
1141 3315 1179 3348 er·

675 3392 707 3441 ga
715 3373 872 3443 Augustum.
882 3401 916 3414 -·
930 3376 995 3427 Tali.
1008 3372 1066 3426 Tali
1077 3371 1179 3440 pietatis

676 3448 774 3503 officio.

711 3548 764 3580 122.
775 3530 861 3593 Carpo.
874 3526 1011 3582 Consumo
1020 3527 1180 3596 etexpeudo,

711 3606 765 3660 123.
778 3608 831 3660 Nec
838 3613 927 3660 vestn's
935 3610 1023 3659 damus
1030 3609 1083 3658 hec
1092 3609 1179 3660 oculis.

676 3686 732 3740 Nec
750 3684 806 3738 baec
823 3684 985 3739 celebramus
1001 3683 1027 3736 in
1040 3696 1179 3752 conspectu

676 3774 778 3830 restro,
791 3772 821 3815 ut
829 3762 966 3815 videamur
978 3781 993 3814 a
1004 3761 1091 3827 vobis,
1106 3773 1133 3814 et
1147 3782 1179 3814 eo

675 3850 750 3911 pacto
761 3839 869 3910 gratiam
881 3848 993 3892 vestram
1004 3839 1130 3893 ineamus.

713 3936 767 3985 ¹²7·
789 3917 827 3969 Tu
836 3921 900 3967 certe
909 3918 1023 3968 scribor.
1032 3917 1120 3969 Vertit
1129 3938 1183 3971 ser-

676 4011 785 4048 monem
793 3992 827 4044 ad
832 3991 1080 4061 Angustum,quem
1088 4004 1181 4050 testem

676 4070 738 4124 citat
747 4067 899 4137 hujusmodi
910 4087 971 4138 erga
979 4090 1006 4122 se
1014 4069 1123 4138 pietatis.

713 4151 765 4202 128.
783 4150 819 4200 Et
836 4157 876 4201 est
889 4152 976 4204 oculis.
998 4151 1034 4203 Ut
1049 4158 1089 4204 es!
1101 4155 1182 4204 oculis
