2624 4816
124 448 192 534 rsa
397 454 436 516 P.
469 451 657 518 0v1n11
685 451 922 522 nasonis

452 783 762 871 EPISTOLA
787 788 869 873 VI.

584 937 735 958 m

550 1107 761 1180 BRUTO.

473 1394 835 1460 ARGUMENTUM.

119 1552 192 1607 Fabii
205 1551 315 1605 Maximi
333 1548 508 1620 deprecatoris
522 1549 577 1615 sui,
590 1549 721 1619 ipsiusque
739 1551 853 1620 Augusti
872 1563 961 1607 morte
975 1574 1049 1624 spem
1064 1555 1169 1610 redeundi

152 1653 227 1688 suam
240 1632 399 1700 concidisse,
415 1642 538 1703 questus,
553 1631 629 1685 Bruti
648 1632 714 1686 mite
732 1633 871 1704 ingenium
888 1645 916 1689 et
937 1637 1093 1708 supplicibus
1111 1637 1168 1692 facile

40 1762 42 1765 .
152 1717 260 1782 laudat,
274 1727 426 1787 gratamque
436 1727 558 1770 mentem
567 1715 592 1769 ei
600 1715 721 1784 spondet.

121 1847 257 1974 QUAM
278 1873 380 1970 legis,
399 1903 439 1947 ex
455 1873 521 1948 illis
541 1874 605 1947 tibi
620 1874 712 1948 venit
727 1873 901 1975 Epistola,
917 1879 1038 1968 Brute,

165 1995 334 2067 Nasonem
348 1990 456 2066 nolles
473 1991 650 2092 inquibus
668 2020 758 2080 esse,
777 1991 870 2067 locis.

117 2107 202 2192 Sed,
221 2125 258 2181 tu
277 2108 368 2207 quod
383 2105 511 2196 nolles,
528 2105 637 2181 voluit
651 2106 838 2182 miserabile
851 2109 980 2185 fatum:

165 2223 241 2295 Heu
257 2221 356 2310 mihi,
374 2221 452 2322 plus
470 2220 573 2309 illud,
594 2249 694 2322 quam
708 2239 765 2295 tua
780 2241 871 2310 vota,
890 2224 997 2300 valet!

115 2340 156 2412 In
173 2339 309 2439 Scythia
327 2340 428 2413 nobis
445 2337 672 2440 quinquennis
691 2336 866 2438 Olympias
882 2357 956 2414 acta
976 2359 1049 2415 est:
1155 2357 1165 2409 ⁵

164 2454 239 2524 Jam
259 2469 391 2552 tempus
407 2451 505 2526 lustri
522 2451 643 2525 transit
657 2450 694 2523 in
707 2448 853 2525 alterius.

115 2569 248 2642 Perstat
264 2567 352 2639 enim
368 2566 504 2640 fortuna
522 2585 636 2655 tenax,
654 2568 808 2668 votisque
825 2566 1010 2665 malignum

166 2687 319 2786 Opponit
335 2685 460 2758 nostris
477 2684 638 2758 insidiosa
651 2685 778 2785 pedem.

117 2806 237 2878 Certus
255 2830 325 2876 eras
343 2829 405 2902 pro
422 2828 490 2889 me,
506 2801 616 2874 Fabiae
632 2799 720 2891 laus,
737 2802 898 2890 Maxime,
918 2802 1045 2900 gentis,

164 2921 296 2992 Numen,
315 2918 356 2991 ad
372 2919 565 3012 Augustum
582 2915 733 3017 supplice
750 2945 829 2990 voce
846 2916 952 3018 loqui.
1148 2952 1170 2986 n

117 3034 252 3109 Occidis
268 3052 343 3107 ante
362 3061 494 3134 preces;
512 3060 707 3132 causamque
728 3062 807 3130 ego,
827 3033 995 3125 Maxime,
1011 3035 1142 3126 mortis,

148 3220 172 3271 5.
182 3217 316 3286 Olympias
327 3217 498 3281 quenquennis.
507 3212 625 3282 Tempus
674 3236 737 3269 eum
747 3217 853 3286 periisse
863 3227 939 3286 putat
950 3229 1038 3287 poeta.
1048 3221 1093 3275 De
1101 3228 1172 3277 motta

114 3296 194 3363 illud,
209 3294 280 3365 quod
296 3313 309 3346 a
322 3293 420 3347 Graecis
433 3292 571 3365 Olympias
584 3292 626 3345 ad·
674 3294 784 3347 Maximi
795 3295 920 3348 meminit
932 3295 1057 3365 Tacitus,
1071 3299 1139 3353 Anu·
1148 3298 1172 3362 l,

115 3378 243 3449 pellatur,
260 3372 465 3442 quinquennale.
674 3372 714 3426 his
726 3373 829 3426 verbis:
844 3395 857 3418 «
872 3372 982 3444 Quippe
994 3395 1091 3431 rumor
1102 3377 1174 3431 inost-

148 3461 172 3513 6.
180 3454 414 3512 damnatissimam
421 3452 625 3523 Olympiasalte-
672 3462 758 3517 serat,
773 3470 868 3521 paucos
879 3462 940 3505 ante
953 3472 1080 3522 meuses,
1094 3456 1174 3525 Auge

94 3531 96 3535 ’
115 3537 314 3607 raincipit.-Iu
326 3543 422 3599 tempus
431 3535 536 3583 alterans
545 3536 624 3584 lustri.
673 3542 743 3584 stum
757 3532 843 3586 electis
856 3530 980 3599 consciis,
993 3546 1020 3588 et
1028 3528 1173 3591 comittunt

116 3620 149 3673 ln
159 3629 263 3685 tempus
274 3612 380 3667 alterius
392 3609 576 3679 quinquennii.
675 3607 757 3661 Fabio
765 3609 897 3674 Maximo,
907 3609 1060 3666 Planasiam
1068 3623 1173 3675 secun,

148 3713 172 3766 q.
188 3695 259 3746 Laus
275 3694 387 3744 maenaa
402 3691 494 3755 genus.
512 3687 627 3741 Maxume
675 3687 706 3739 ad
719 3687 857 3740 visendum
869 3687 1031 3756 Agrippam:
1045 3691 1137 3745 multas
1147 3686 1174 3741 il-

116 3785 218 3828 veteres
230 3771 356 3842 plerique.
371 3768 472 3821 Hzrtts.
673 3763 727 3818 linc
743 3767 876 3834 utrimque
897 3765 1026 3838 lacrymas
1041 3808 1048 3835 ,
1070 3779 1098 3823 et
1112 3769 1173 3837 signa

152 3872 189 3902 11.
208 3853 312 3903 Occidis
323 3857 384 3902 ante
394 3862 491 3915 preces.
510 3842 625 3896 Moreris
673 3843 807 3911 caritatis,
823 3863 949 3914 spemque
967 3865 1000 3900 ex
1015 3866 1050 3901 eo
1063 3847 1137 3913 iore,
1150 3853 1174 3899 ut

116 3938 259 3996 antequam
277 3947 325 3996 pro
341 3946 384 3979 me
403 3922 546 3995 precareris
563 3922 624 3973 Au·
673 3922 774 3990 juvenis
795 3922 933 3992 penatibus
954 3924 996 3976 ari
1018 3923 1174 3978 redderetur·

115 4009 376 4078 gustum-Causam
387 4016 435 4059 tuoe
445 4002 624 4058 mortri.Naso·
674 4000 755 4069 Quod
768 4001 915 4054 Maximum
926 4003 1001 4055 uxori
1012 4003 1117 4056 Martia
1124 4017 1174 4069 ape·

115 4105 180 4142 nem
190 4085 262 4138 enim
275 4087 350 4140 unice
365 4086 468 4138 amabat
477 4082 623 4136 Maximus:
671 4080 770 4144 ruisse,
784 4081 854 4132 illam
868 4080 963 4147 Liviae,
978 4079 1011 4134 C.
1025 4082 1140 4136 Nauium
1149 4073 1172 4127 id

116 4177 144 4220 et
158 4184 241 4234 quum
254 4184 309 4218 non
321 4176 408 4234 posset
422 4164 490 4218 serre
507 4162 563 4231 ejus
577 4161 623 4213 ab·
674 4157 779 4211 Caesari.
792 4159 883 4226 Neque
892 4159 977 4212 multo
989 4171 1048 4229 post
1056 4159 1172 4214 exstinctu
1184 4194 1187 4201 ,

114 4243 225 4299 sentiam
247 4253 274 4295 et
293 4241 433 4310 exsilium,
457 4259 512 4312 prae
531 4239 621 4293 dolore
672 4234 810 4303 Maximo,
825 4236 936 4290 dubium
950 4256 985 4290 an
997 4239 1103 4308 quaesita
1112 4252 1172 4294 moe
