2624 4816
104 371 137 455 a
277 457 280 462 ,
363 391 429 456 r.
463 388 642 458 ovrnu
673 389 900 462 nusonrs

163 529 337 625 Ingenium
355 530 457 609 tantis
471 530 600 605 excidet
618 559 716 606 omne
733 529 838 606 malis.
869 581 871 585 ‚
978 582 980 587 ,

20 717 25 722 ,
113 643 268 744 Denique
287 671 422 718 securus
441 645 550 733 samae,
569 643 671 734 liber,
689 644 738 720 ire
754 665 936 736 mementu;

162 760 231 834 Nec
247 758 314 833 tihi
326 761 370 836 sit
386 760 472 836 lectu
488 760 700 864 displicuisse
715 762 846 864 pudor:

114 875 194 947 Non
210 873 257 959 ita
273 901 308 948 se
324 875 424 955 nobis
442 876 568 977 prabet
585 877 720 951 fortuna
737 877 938 967 secundam,

163 993 213 1062 Ut
229 991 291 1064 tihi
309 991 354 1064 sit
368 992 454 1065 ratio
469 991 577 1068 laudis
595 993 750 1068 habenda
764 1011 838 1067 tuae.

114 1109 232 1181 Donec
251 1135 337 1183 eram
355 1139 486 1211 sospes,
506 1111 595 1186 tituli
614 1113 775 1208 tangebar
791 1141 919 1202 amore,

163 1229 410 1330 Quaerendique
424 1231 507 1304 mihi
521 1231 669 1306 nominis
687 1232 787 1306 ardor
804 1250 882 1305 erat.

116 1344 271 1419 Carmina
287 1347 421 1421 nuncsi
441 1376 513 1420 nou
528 1347 759 1448 studiumque,
778 1348 871 1450 quod
887 1346 1012 1436 obfuit,
1031 1347 1104 1436 odi,
1160 1370 1192 1422 55

165 1462 313 1536 Sitsatis
329 1491 337 1535 ;
354 1463 552 1559 ingeniosic
568 1463 647 1560 fuga
661 1482 755 1566 parta
772 1478 857 1538 meo.

115 1580 132 1651 Ι
150 1594 274 1667 tamen,
285 1578 321 1670 i,
340 1608 402 1681 pro
420 1609 470 1654 me
488 1598 541 1669 tu,
562 1580 616 1654 cui
634 1579 727 1670 licet,
746 1579 880 1680 adspice
896 1583 1062 1656 Romam:

167 1695 212 1767 Di
225 1695 388 1785 facerent,
405 1724 538 1798 possem
557 1724 646 1769 nunc
666 1724 759 1771 meus
776 1724 847 1771 esse
867 1694 972 1771 liber!

116 1811 187 1884 Nec
205 1829 255 1900 te,
275 1812 367 1913 quod
383 1813 494 1888 venias
510 1840 663 1909 magnam
680 1813 876 1914 peregrinus
892 1814 928 1888 in
946 1814 1079 1906 urbem,

165 1929 323 2023 Ignotum
339 1926 469 2031 populo
485 1957 585 2029 posse
602 1929 713 2003 venire
733 1949 825 2031 puta.
1159 1955 1192 2006 σο

118 2045 168 2117 Ut
183 2042 283 2117 titulo
301 2071 426 2134 careas,
441 2045 516 2147 ipso
532 2073 669 2119 noscere
685 2045 796 2120 colore
809 2076 818 2135 ;

167 2160 383 2236 Dissimulare
399 2161 479 2235 velis
498 2180 529 2234 te
546 2161 624 2236 licet
642 2189 712 2236 esse
728 2191 848 2236 meum.

120 2278 214 2372 Clam
234 2297 342 2353 tamen
359 2279 501 2370 intrato,
516 2298 607 2354 nete
624 2309 695 2353 mea
708 2279 854 2352 carmina
868 2276 1011 2352 laedant:

168 2397 246 2470 Non
265 2414 357 2483 sunt,
376 2415 415 2470 ut
433 2396 600 2498 quondam
617 2395 716 2498 plena
732 2394 854 2469 favoris
871 2412 973 2468 erant.

120 2512 160 2588 Si
178 2511 256 2614 quis
272 2511 350 2597 erit,
368 2511 428 2614 qui
446 2529 497 2602 te,
515 2513 592 2613 quia
611 2513 656 2586 sis
674 2540 781 2600 meus,
801 2538 872 2585 esse
889 2510 1065 2607 legendum
1160 2533 1193 2584 65

170 2632 249 2706 Non
268 2648 381 2732 putet,
401 2659 425 2726 e
436 2626 771 2731 gremlos³rejiciatque
788 2657 869 2716 suo;

120 2746 271 2849 inspice,
290 2747 359 2835 die,
377 2745 513 2821 titulum
527 2777 536 2819 ι
550 2775 619 2820 nun
634 2775 708 2821 sum
726 2763 910 2847 praeceptor
925 2744 1071 2818 amoris:

122 2925 232 2969 veteres.
252 2911 357 2966 Censeo
375 2911 546 2977 nihilomiuus
563 2913 633 2966 scri-
679 2932 738 2969 esse
747 2917 827 2967 libert
838 2911 981 2982 eleganter,
991 2909 1133 2980 quodetin
1142 2911 1194 2964 suis

122 2991 240 3050 bendum
249 2992 404 3060 circumjt'ce,
418 3011 470 3059 quo
477 2992 558 3044 verbo
566 2991 635 3045 Tul·
680 2993 820 3048 invenerat
834 2993 988 3062 Naugerius.
1003 2991 1112 3060 Vulgati
1127 3011 1193 3059 per-

123 3073 172 3130 lius
181 3092 210 3126 an
218 3071 368 3134 Liviusnon
376 3069 458 3124 semel
468 3081 587 3124 utuntur.
597 3070 634 3124 H.
682 3092 773 3142 perant
779 3091 870 3139 posses
882 3093 931 3125 non
939 3090 1007 3124 meus
1016 3090 1080 3125 esse.
1092 3071 1194 3124 limus.

157 3153 196 3206 53.
210 3153 292 3203 Tituli
299 3152 420 3216 tangebar
429 3167 520 3203 amore.
533 3150 636 3201 Honore
714 3151 755 3202 61.
772 3153 832 3217 Ipso
847 3153 936 3203 colore.
950 3145 1035 3218 Nigro
1047 3158 1075 3202 et
1087 3148 1195 3217 lugubri

121 3230 215 3294 malim
224 3247 285 3284 cum
299 3229 381 3283 tribus
391 3229 500 3298 seriptis.
510 3230 611 3284 Hunis.
683 3227 790 3295 habitu,
804 3238 832 3281 et
843 3228 960 3282 versibus
971 3227 1068 3296 quibus
1079 3227 1196 3282 conseri-

156 3314 197 3379 54.
221 3312 354 3376 Quaereudi
370 3314 487 3362 nominis.
513 3307 636 3377 Compa-
683 3316 743 3375 ptus
753 3326 788 3360 es.
801 3307 841 3359 M.

124 3389 214 3445 raudae
226 3388 321 3454 fama),
335 3387 371 3442 sic
381 3387 426 3441 lib.
438 3387 478 3453 V,
491 3386 564 3456 Eleg.
576 3402 634 3452 ΧΗ,
717 3385 758 3438 55.
772 3385 849 3452 Quod
856 3389 885 3438 si
891 3403 968 3437 meus.
980 3386 1048 3451 Quia
1055 3388 1092 3437 sis
1101 3383 1198 3438 melio·

125 3464 317 3542 39;«Nominis
324 3476 350 3518 et
356 3464 434 3519 famae
441 3464 576 3534 quondam
584 3463 635 3519 sul·
683 3478 726 3513 res
733 3471 761 3513 et
768 3471 839 3514 recte
848 3480 854 3514 :
864 3460 897 3514 de
907 3479 958 3529 quo
965 3461 1025 3514 alibi
1033 3471 1072 3513 est
1080 3460 1198 3525 dictum

126 3566 188 3617 gone
202 3544 338 3610 trahebar,
351 3543 425 3599 Dum
436 3542 496 3597 tulit
506 3553 636 3599 antennas
684 3541 764 3596 Trist.
776 3541 820 3596 lib.
830 3543 875 3608 tl,
890 3543 938 3614 49,
951 3561 984 3594 ex
992 3540 1106 3610 antiquis
1114 3541 1198 3595 libris:

126 3646 190 3680 aura
199 3623 314 3680 secunda
327 3642 407 3677 meas.
420 3644 434 3671 s
679 3622 934 3690 -Ulquetuusqaudet
942 3625 1028 3685 miles,
1043 3627 1103 3690 quia
1112 3627 1202 3676 w’certt

160 3705 200 3772 57.
211 3704 328 3760 dtamen.
337 3711 411 3767 capro
418 3718 464 3763 nae.
475 3701 611 3762 faramea,
627 3696 641 3752 ἰ
680 3702 787 3763 hostem.
800 3701 902 3754 Hums.

122 3800 170 3848 pro
178 3799 217 3834 me
225 3779 303 3835 Polit.
315 3778 399 3834 Vatic.
408 3788 435 3831 et
443 3789 496 3833 tres
504 3778 545 3835 alii
556 3779 638 3832 :alter
689 3832 692 3834 ,
718 3778 1199 3850 67.Nonsumproeceptoramoris.Nou

124 3855 268 3927 Politiani,
282 3862 302 3912 Ι
307 3879 373 3914 runc
383 3869 462 3926 etpro
471 3879 517 3912 me.
529 3858 637 3925 Scribe,
685 3869 862 3915 eructuantem
873 3857 978 3912 amandi
988 3898 995 3923 ‚
1006 3869 1035 3911 ut
1042 3857 1136 3911 fratres
1144 3858 1199 3911 mei

126 3940 146 3990 Ι
153 3948 250 4003 tamn,
261 3943 283 4001 ι’,
294 3959 341 4006 pro
353 3954 409 4002 me‚·
427 3937 472 4006 qui
483 3956 638 3991 sanevenu-
685 3949 753 3993 tres:
763 3948 790 3991 et
798 3939 825 3992 ΙΙ
833 3938 867 3991 de
875 3939 953 3991 Pont.
964 3937 1005 3990 ΕΙ.
1014 3933 1040 4003 κ,’
1048 3940 1082 3992 ,ι5
1090 3957 1097 3992 2
1105 3958 1118 3983 «
1127 3937 1198 3991 Naso

93 4054 96 4059 -
120 4016 192 4071 asdor
201 4016 327 4085 loquendi
341 4016 436 4070 modus
448 4026 495 4072 est.
558 4069 560 4072 ,
686 4037 780 4089 parum
792 4017 908 4088 prudens
921 4029 1005 4072 artem
1022 4017 1088 4070 dum
1105 4027 1199 4071 tractat

161 4097 201 4149 58.
214 4097 289 4150 Nunc
295 4115 372 4149 naeus.
382 4096 469 4150 Probe
481 4094 604 4152 meliores
610 4093 639 4148 li·
683 4095 810 4162 amandi,
831 4094 966 4150 Doctrinae
990 4095 1105 4165 pretium
1124 4094 1198 4148 triste

125 4173 167 4228 bri
173 4192 638 4244 magnorumeropossemnuncmaus
685 4173 810 4244 magister
823 4172 909 4232 habet
922 4194 938 4223 u
954 4221 957 4226 .
