2624 4816
188 409 255 474 nx
279 406 457 473 rouro
481 407 576 473 Lm.
604 407 672 472 1v.
699 405 868 472 emsa.
894 407 987 473 ΧΠ.
1060 405 1124 489 aas

64 592 1118 623 W

371 730 677 817 EPISTOLA
712 735 820 819 XII.

521 900 671 919 mm

431 1096 448 1128 *
468 1090 755 1164 TUTICANO.

404 1447 781 1508 ARGUMENTUM.

64 1599 145 1668 Quod
165 1599 287 1654 Tuticani
304 1617 403 1653 nomen
423 1600 521 1669 legibus
535 1601 613 1653 metri
628 1601 820 1670 refragaretur,
839 1601 964 1655 haetenus
979 1603 1081 1658 nullum
1096 1609 1122 1660 ei

93 1682 190 1736 dicasse
200 1703 227 1736 se
239 1703 361 1750 carmen,
374 1684 461 1737 scribit
473 1685 558 1749 Naso;
575 1695 669 1754 utque,
683 1685 777 1738 veteris
789 1685 907 1739 amicitiae
917 1704 1034 1754 memor,
1043 1707 1122 1758 opem

92 1769 140 1820 sibi
152 1767 223 1821 ferre
235 1769 351 1834 laboret,
364 1778 491 1836 precatur.

64 1920 170 2046 QUO
187 1952 295 2023 minus
312 1951 347 2022 in
364 1952 488 2024 nostris
508 1950 656 2050 ponaris,
675 1949 792 2037 amice,
810 1949 950 2032 libellis,

106 2065 262 2139 Nominis
279 2066 421 2141 efficitur
438 2065 628 2140 conditione
646 2067 704 2138 tui.

58 2179 123 2253 Ast
138 2209 201 2276 ego
219 2210 288 2254 non
307 2181 406 2255 alium
424 2183 518 2283 prius
532 2182 598 2253 hoc
617 2179 769 2272 dignarer
785 2180 926 2265 honore3

106 2296 169 2367 Est
186 2293 305 2394 aliquis
323 2313 476 2370 nostrum
495 2295 522 2368 si
540 2294 641 2367 modo
661 2322 790 2365 carmen
807 2293 927 2367 honos.

56 2409 126 2479 Lex
143 2407 239 2506 pedis
250 2408 386 2495 officio,
404 2425 585 2508 naturaque
602 2407 747 2479 nominis
764 2406 919 2493 obstant,

106 2521 249 2622 Quaque
264 2550 354 2595 meos
373 2522 486 2610 adeas,
507 2538 555 2594 est
570 2520 622 2592 via
637 2517 749 2605 nulla,
764 2519 891 2591 modos.

53 2639 140 2710 Nam
156 2639 260 2738 pudet
276 2641 311 2712 in
328 2641 475 2735 geminos
491 2637 537 2710 ita
554 2664 675 2710 nomen
690 2635 814 2708 findere
833 2664 967 2722 versus,

102 2757 242 2831 Desinat
256 2774 295 2830 ut
311 2758 403 2858 prior
417 2758 500 2844 hoc,
518 2755 720 2856 incipiatque
737 2755 868 2826 minor:

52 2871 99 2942 Et
115 2870 256 2970 pudeat,
273 2873 301 2945 si
318 2889 369 2959 te,
390 2900 454 2972 qua
472 2869 597 2970 syllaba
614 2887 707 2970 parte
724 2884 890 2956 moratur,

80 3034 315 3087 *Tuutcattodd
322 3035 558 3097 Tutr'caaumunus;
608 3045 709 3100 turaque
726 3041 830 3100 praestat
848 3048 909 3083 cum
927 3029 1049 3099 Scaligeri
1071 3051 1117 3086 co-

52 3109 278 3174 castanentum
291 3110 417 3164 Heinsius
424 3111 487 3163 olim
495 3129 560 3164 con·
609 3112 681 3174 dice;
695 3109 885 3163 obstantetiam
895 3109 1044 3178 Regiusget
1055 3130 1116 3164 mox

50 3190 168 3257 jecerat,
188 3189 327 3250 Tuditano,
344 3188 414 3257 quod
432 3187 559 3256 Sempro·
597 3193 697 3259 findere
710 3206 758 3256 pro
768 3191 881 3241 scindere
891 3205 952 3244 cum
965 3205 1019 3239 uno
1032 3189 1115 3241 Vatie.

51 3267 160 3319 uiorum
170 3284 336 3335 cognomen,
352 3265 438 3318 Valet.
451 3265 559 3318 Maxim.
607 3276 634 3320 et
651 3272 803 3334 recipiatque
819 3283 941 3334 sequens,
969 3284 1018 3333 pro
1035 3272 1117 3319 miaar

51 3344 125 3410 Vll,
142 3359 212 3408 vtu,
228 3363 248 3397 1.
264 3343 346 3411 Quod
366 3361 428 3396 vero
443 3340 559 3395 nominis
605 3364 666 3398 rum
686 3343 855 3405 Combiauo;
876 3353 902 3395 et
921 3354 1032 3395 moratur
1050 3362 1111 3397 cum

50 3421 169 3476 conditio
179 3440 235 3474 non
247 3423 359 3490 patiatur
371 3431 400 3474 ut
412 3420 556 3488 exprimat,
606 3423 751 3490 plerisque,
769 3439 817 3491 pro
828 3428 941 3473 moretur.
956 3421 991 3472 H.

50 3499 143 3554 similis
153 3511 192 3554 est
204 3498 365 3553 Archestrati
377 3498 505 3551 excusatio
517 3517 557 3566 ap.
639 3517 660 3566 7.
674 3500 705 3549 Ia
714 3502 827 3564 gemebas
835 3515 929 3548 versus.
943 3497 974 3548 ln
982 3493 1046 3546 duos
1054 3513 1111 3546 ver·

51 3577 151 3631 Athen.
171 3577 246 3641 Vll,
267 3579 302 3642 8,
325 3576 369 3645 qui
388 3576 504 3644 piscem,
528 3575 556 3629 in
604 3594 647 3627 sus
665 3593 671 3626 :
688 3574 812 3645 ponendo
832 3575 858 3626 iu
881 3572 949 3626 calce
968 3571 1111 3624 hexametri

49 3654 556 3723 MeotideetPontofrequentem,non
604 3663 706 3721 partem
722 3652 836 3706 nominis
853 3652 890 3702 tui
909 3649 1043 3717 priorem,
1061 3648 1112 3701 sci-

48 3734 188 3797 nominat,
206 3733 266 3801 quia
279 3737 300 3786 ἓν
312 3737 387 3809 μίτρᾳ
399 3736 423 3787 οὖ
438 3736 509 3800 siper
522 3737 557 3787 el·
603 3733 663 3786 lioet
678 3735 740 3785 Tuti
748 3752 755 3784 ι
770 3743 800 3793 εἰ,
813 3731 921 3782 alteram
939 3727 966 3777 in
981 3726 1109 3796 principio

47 3825 105 3868 ertu.
118 3813 216 3865 ΒΜ.
604 3809 761 3876 pentametri
776 3847 784 3874 ,
804 3806 897 3859 scilicet
919 3805 1012 3856 Canus.
1023 3807 1108 3855 -Ita

81 3891 267 3941 a.Caad1'tiaae
285 3890 325 3939 tui
343 3891 459 3939 uomebat.
476 3885 554 3940 Sorte
603 3889 715 3938 senum
729 3903 824 3937 aenaea.
846 3883 887 3934 lta
907 3898 1006 3932 nomen
1030 3891 1107 3933 tuum

45 3966 87 4021 tui
103 3965 236 4030 nominis,
262 3962 332 4032 quod
348 3981 402 4016 nou
423 3972 508 4032 potest
525 3963 554 4015 iu
602 3962 751 4015 diffindere.
1198 4029 1202 4036 Ι

44 4063 124 4098 versu
136 4043 200 4112 poni
211 4041 313 4113 syllabis
325 4042 536 4110 repugnantibus.
632 4060 658 4111 p
676 4043 733 4106 Qua
747 4039 848 4107 syllaba
856 4048 931 4103 parte
940 4043 1054 4088 moretur.
1067 4036 1107 4089 Ea

78 4126 102 4174 5.
112 4125 267 4187 Fortunaque
275 4125 383 4173 aematu's
394 4123 486 4172 obstat.
495 4120 553 4171 Ne*
601 4128 674 4186 parte
684 4156 696 4189 ,
706 4133 757 4185 qua
771 4112 867 4185 syllaba
877 4113 1042 4183 producatur.
