2624 4816
129 476 135 484 ,
227 406 297 476 EX
319 403 504 474 ΡΟΝΤΟ
527 344 1008 479 LIB.Il.EPIST.IX.
1087 412 1148 479 361

99 551 201 648 ltque
218 546 282 618 tibi
297 562 346 619 est
360 543 505 631 animus,
524 575 626 645 quum
643 573 696 620 res
712 547 758 620 ita
777 535 942 647 postulat,
962 576 1050 623 arma
1123 571 1155 624 55

134 664 291 750 Sumere,
310 679 342 734 et
355 660 469 734 hostili
489 662 615 762 tingere
629 663 715 737 caetle
734 691 886 752 manum-3
935 649 953 711 .'

99 796 216 879 ttque,
236 795 272 852 ut
291 805 345 861 es,
364 804 501 850 excusso
520 776 662 874 jaculum
680 796 836 878 torquere
850 779 989 868 lacerto,

136 892 299 993 Collaque
314 889 436 964 velocis
449 890 577 964 flectere
595 893 713 965 doetus
730 893 824 993 equi;

99 1011 254 1109 lempora
271 1007 318 1080 sic
338 1007 412 1079 data
431 1024 509 1080 sunt
528 1007 648 1082 studiis
665 1008 724 1080 nbi
739 1008 827 1106 justa
845 1012 1011 1109 paternis,

136 1126 252 1223 thue
271 1121 340 1196 suis
357 1122 503 1195 humeris
522 1121 607 1196 forte
625 1122 749 1224 quievit
765 1152 871 1224 opus,
1126 1148 1161 1200 60

99 1245 141 1315 ‚le
159 1259 215 1313 tua
231 1255 430 1313 marcescant
448 1267 508 1337 per
524 1239 646 1313 inertes
664 1240 731 1313 otia
748 1268 903 1328 somnos,

139 1355 267 1430 Luem
282 1355 390 1428 neria
407 1353 514 1426 tenus
531 1337 566 1426 i'n
583 1356 744 1428 aaran.

99 1475 173 1547 ttaec
189 1499 321 1572 quoque
338 1497 391 1542 res
406 1467 532 1568 aliquid
551 1487 659 1543 tecum
675 1471 757 1544 mihi
770 1470 902 1545 foederis
920 1471 1046 1546 adfert:

142 1584 302 1686 Ejusdem
318 1583 402 1657 sacri
420 1583 529 1657 cultor
544 1602 683 1687 uterque
701 1613 825 1659 snmus.

99 1701 151 1776 Ad
166 1719 274 1774 vatem
290 1717 379 1773 vates
397 1699 525 1771 orantia
542 1699 679 1773 brachia
695 1701 814 1790 tendo,

144 1814 248 1889 Terra
265 1815 309 1888 sit
325 1813 448 1888 exsiliis
463 1832 502 1886 ut
518 1831 574 1887 tua
591 1814 656 1888 lida
673 1817 765 1890 meis.

99 1935 175 2007 Non
191 1959 255 2027 ego
271 1930 359 2003 eaede
372 1958 496 2003 nocens
513 1930 549 2002 in
568 1931 705 2005 Pontica
720 1932 819 2006 litora
835 1933 926 2020 veni,
949 2013 951 2020 ,

144 2047 289 2121 Mistave
305 2064 385 2119 sunt
401 2063 514 2118 nostra
529 2044 601 2118 dira
617 2075 739 2120 venena
756 2074 879 2120 manu:

129 2215 172 2266 55.
183 2215 238 2266 Res
247 2217 286 2265 ita
289 2214 412 2278 postulat.
429 2213 608 2279 Resexpostu-
657 2222 708 2278 est,
719 2221 745 2264 et
755 2231 820 2280 opus
830 2210 959 2280 requievit
972 2210 1060 2264 eundi.
1073 2233 1087 2258 ³·
1099 2211 1168 2266 Scri-

99 2287 292 2344 (atlanteum.
654 2287 1167 2358 be,othuesuisnumenisforteqnie·

130 2369 172 2438 57.
181 2367 221 2418 Is!
228 2385 275 2429 es,
293 2365 320 2419 id
331 2377 386 2434 est,
401 2371 504 2426 statem,
523 2376 551 2418 ut
564 2383 610 2418 oc·
655 2371 693 2423 vit
704 2389 783 2438 opus,
797 2392 809 2415 υ
819 2370 859 2422 vel
869 2409 876 2434 ,
886 2369 970 2436 Atque
980 2373 1035 2420 suis
1048 2374 1165 2422 numeru.

99 2443 168 2499 nasio
178 2463 207 2497 se
217 2443 277 2510 dat,
297 2463 351 2497 non
361 2454 468 2512 sumpto
482 2442 565 2512 spatio
577 2442 609 2495 ad
656 2449 851 2514 Numen'opeu's
862 2445 904 2498 hic
917 2446 1051 2512 dicuntur,
1060 2457 1090 2498 ut
1099 2445 1168 2498 Met.

99 2522 300 2589 meditandum,
320 2534 365 2578 aut
382 2535 485 2590 vestes,
500 2533 546 2576 ant
558 2523 611 2575 ha·
658 2525 731 2590 Vll,
750 2525 811 2577 81«
830 2524 935 2592 Lexque
952 2522 1030 2576 datur
1048 2523 1167 2577 numeris

99 2600 187 2662 bitum
197 2612 304 2654 mutans
315 2640 323 2666 ,
335 2610 365 2653 ut
376 2600 470 2669 passim
481 2600 517 2653 ita
529 2604 609 2661 sicut,
657 2600 952 2673 magnorumhorrenda
960 2601 1165 2670 laborummquae

99 2681 226 2733 velatest.
238 2678 337 2731 Buttm.
347 2677 510 2750 -Micyllus
521 2688 610 2730 autem
657 2680 693 2735 ibi
709 2699 771 2732 vera
786 2690 825 2733 est
839 2679 966 2747 scriptura
981 2699 1028 2746 per
1044 2696 1166 2732 numeros.

99 2755 195 2811 tarius
201 2755 266 2808 illud
273 2775 328 2809 esse
337 2754 410 2821 dicit,
422 2757 503 2824 thue
511 2760 612 2809 estant·
658 2757 1024 2823 Metam‚tib.v11‚vs.125:
1039 2778 1052 2803 a
1064 2758 1168 2826 Perque

99 2850 156 2894 us
165 2835 257 2885 doctus
269 2843 380 2899 torquere
382 2832 516 2898 jaculum,
529 2841 556 2883 et
563 2833 613 2896 fie-
658 2853 718 2888 anos
728 2835 801 2888 intus
812 2853 938 2888 numeros
950 2834 1119 2904 componitur
1128 2834 1168 2884 in·

99 2920 168 2966 clm
176 2913 247 2964 colla
258 2914 330 2978 equ1'3
343 2908 449 2976 quando
462 2928 493 2962 ea
503 2929 544 2962 res
557 2928 612 2963 non
658 2911 724 2965 fans.
733 2933 746 2959 s
755 2909 1080 2982 {uenimscribendumin
1089 2908 1168 2962 Trist-

99 2990 211 3055 animo,
225 2986 272 3042 sed
283 2986 408 3040 manibus
422 2989 530 3058 geritur.
658 2989 703 3042 lib.
717 2991 755 3055 V,
768 2991 841 3057 Elag.
854 3003 923 3050 x111,
941 3008 977 3040 vs.
992 3006 1038 3041 10:
1051 3008 1065 3034 «
1076 3005 1169 3056 quum·

106 3096 111 3103 .
133 3070 176 3140 59
191 3069 313 3133 Tempora
321 3070 361 3118 sic
368 3070 468 3118 sudat.
478 3063 612 3133 Quando,
660 3085 711 3136 que
721 3068 774 3120 Per
783 3085 910 3120 numeros
918 3082 1011 3119 omnes
1020 3065 1168 3120 hootueare

100 3145 206 3215 inquit,
224 3143 304 3213 patris
319 3143 358 3197 tui
374 3142 465 3197 studiis
479 3152 506 3194 et
517 3140 614 3195 bellicoe
659 3155 744 3215 capnt.
753 3168 766 3193 »
775 3145 1108 3200 Numerosscelerodixitin
1118 3146 1169 3199 lbi-

99 3223 514 3295 exemitationioperam'dedisti,
528 3223 614 3277 ethu-
661 3224 694 3278 de
702 3263 709 3290 ,
717 3243 783 3277 vers.
793 3225 840 3292 184
851 3246 858 3289 ;
869 3246 883 3271 α
891 3224 1168 3279 Utcaneantnumeris

101 3306 184 3361 meris
192 3306 244 3359 tuis
253 3304 403 3359 sustentasti
415 3304 515 3357 molem
527 3313 553 3357 et
564 3323 614 3357 ne·
661 3314 780 3374 tempora
792 3305 877 3373 prima
889 3305 955 3372 suis,
969 3326 983 3351 u
995 3304 1073 3357 Taist¹
1084 3304 1114 3371 1,
1128 3300 1169 3354 El.

100 3382 375 3455 gotiaregnipaternk
384 3399 614 3450 nepersomnum,
661 3399 718 3450 v11,
735 3403 799 3437 vers.
813 3385 852 3450 48.
862 3385 899 3438 H.

101 3462 615 3532 autignaviameorpusmarceseat,poe·
693 3461 735 3514 66.
764 3461 800 3516 Ui
820 3473 864 3516 tua
881 3473 954 3516 terra.
972 3462 1013 3516 Ut
1027 3459 1169 3514 Tomitana

103 3541 156 3594 tien
172 3538 296 3593 facultate
319 3539 365 3591 tibi
389 3537 615 3590 immortalitatem
661 3541 739 3607 urbs,
752 3541 918 3612 relegationis
930 3540 1088 3594 meusedes.
1168 3581 1171 3586 .

103 3617 425 3686 comparas-Utinam.
440 3615 552 3682 Ullusta
562 3613 615 3666 duo
666 3658 669 3663 -
694 3619 736 3690 67.
747 3621 778 3672 Ia
790 3623 870 3672 Ponti
879 3624 955 3673 litora
964 3622 1030 3671 oeni.
1049 3619 1081 3669 Iu
1094 3619 1168 3669 Pon-

103 3705 215 3751 vetem·
231 3696 332 3748 Hnnts.
354 3696 356 3701 ’
661 3701 715 3751 tica
724 3697 801 3750 Polit.
811 3717 879 3750 unus
889 3697 963 3750 Voss.
971 3705 1073 3748 etunus
1085 3693 1169 3747 Vatia

136 3777 180 3830 to.
185 3777 271 3844 Atque
277 3781 327 3829 tois
335 3778 444 3827 hument
446 3775 517 3844 fhrle
527 3777 619 3843 quiem?
662 3775 731 3828 bene
743 3793 749 3826 :
760 3775 796 3830 sic
809 3779 918 3828 Pontica
933 3776 1025 3835 tellus,
1044 3772 1088 3825 tit.
1106 3773 1169 3839 lll,
1253 3811 1256 3820 .

104 3871 177 3922 opus.
187 3855 270 3922 thue
275 3851 371 3906 rectius
378 3863 479 3906 veteres
486 3861 616 3921 quatuor;
664 3853 738 3922 Eleg.
749 3870 776 3919 1,
792 3873 858 3906 vers.
873 3874 885 3921 7
896 3873 902 3916 3
915 3854 1022 3904 Pontt'ca
1032 3857 1113 3916 terra,
1125 3849 1171 3904 lib.

107 3943 135 3986 et
147 3936 203 3985 suis
220 3936 328 3985 humeris
344 3933 448 3985 Sarrav.
469 3933 578 4002 Argent.
590 3942 618 3984 et
664 3932 709 3998 ll,
729 3931 887 3997 El.v11,vs.
903 3930 950 3996 68,
963 3938 991 3983 et
1006 3928 1048 3982 lib.
1062 3928 1113 3995 IV,
1127 3929 1169 3982 El.

111 4010 227 4066 comsit.
247 4014 318 4079 Opus
328 4022 454 4081 praeterea
465 4011 492 4064 in
506 4009 618 4079 antiquis
664 4027 709 4077 11,
720 4029 757 4064 vs.
773 4011 832 4075 ¹²43
843 4011 964 4061 Ponticus
971 4011 1050 4071 Ister,
1062 4007 1105 4061 lib.
1113 4008 1170 4074 lll,

104 4102 181 4158 «octo,
189 4100 234 4144 aut
243 4090 404 4145 decemzsed
415 4089 526 4154 frustra,
538 4089 618 4143 Trist.
665 4089 791 4157 Elem-11,
805 4106 871 4140 vers.
884 4088 935 4153 ll,
957 4095 987 4139 ut
1006 4085 1058 4141 illie
1076 4086 1171 4154 opinor
1259 4158 1262 4163 Ι

113 4171 169 4237 Ill,
184 4171 224 4226 El.
238 4187 260 4225 11
271 4191 352 4240 ,vers
366 4189 433 4241 172«
446 4171 487 4224 Ut
495 4170 536 4224 via
544 4169 618 4223 finita
664 4165 851 4236 castigandum.
864 4167 899 4220 H.
