2624 4816
113 360 157 428 30

306 443 309 447 ¹
390 363 430 429 P.
462 362 641 431 OVIDII
667 362 894 434 NASONIS

160 499 325 600 Tempore
341 497 389 573 sic
407 499 491 574 duro
505 519 554 576 est
567 501 768 602 inspicienda
783 503 876 578 fides.
893 494 896 501 ⁵

112 616 203 689 Dum
218 616 330 714 juvat,
349 634 383 690 et
400 615 493 690 vultu
510 617 598 692 ridet
613 618 748 692 fortuna
765 647 896 710 ameno,

162 731 363 809 ludelibatas
378 753 496 808 cuncta
512 743 699 837 sequuntur
715 766 816 839 opes:

114 848 161 922 At
179 847 278 922 simul
294 849 460 937 intonuit,
478 849 630 946 fugiunt3
645 880 705 926 nec
723 852 873 926 noscitur
887 851 971 943 ulli,

164 964 366 1060 Agminibus
381 966 539 1041 comitum
556 968 614 1069 qui
633 969 733 1042 modo
751 967 879 1044 cinctus
898 988 977 1044 erat.

115 1080 229 1181 Atque
244 1079 332 1169 haec,
350 1080 507 1183 exemplis
526 1084 695 1184 quondam
709 1083 845 1158 collecta
863 1086 1029 1187 priorum,
1106 1069 1110 1078 ¹

164 1199 264 1270 Nunc
280 1197 362 1270 mihi
382 1217 460 1274 sunt
477 1202 624 1302 propriis
644 1203 866 1297 cognitorem
884 1202 989 1277 malis.

123 1313 189 1385 vix
204 1313 269 1386 duo
286 1331 411 1402 tresve,
428 1315 512 1389 mihi
530 1317 569 1392 de
589 1335 640 1391 tot
655 1317 854 1418 superestis,
872 1318 990 1392 amici:

169 1428 294 1502 Caetera
308 1429 467 1516 fortunae,
484 1458 553 1503 nou
571 1459 661 1520 mea,
679 1433 777 1506 turba
791 1432 864 1505 fuit.

122 1546 201 1643 Quo
217 1546 339 1640 magis,
359 1574 379 1617 o
395 1545 513 1645 pauci,
532 1548 633 1623 rebus
649 1549 829 1624 succurrite
848 1548 964 1651 lapsis,

167 1667 213 1738 Et
230 1663 305 1737 date
323 1662 497 1758 naufragio
514 1662 612 1738 litora
630 1668 701 1739 tuta
720 1696 813 1742 meo:

89 1854 93 1869 s
119 1781 211 1855 Neve
226 1798 316 1853 metu
332 1776 416 1853 salso
431 1780 569 1855 nimium
586 1782 765 1884 trepidate,
785 1783 937 1857 timentes

170 1899 243 1970 Hac
261 1895 450 1971 offendatur
465 1926 506 1972 ne
523 1899 645 1999 pietate
661 1901 763 1973 Deus.

124 2013 216 2115 Saepe
233 2013 331 2088 fidem
347 1998 491 2089 aduersis
507 2016 604 2088 etiam
621 2015 766 2090 laudavit
779 2016 812 2088 in
830 2016 949 2103 armis,

172 2133 279 2229 Inque
295 2128 363 2201 suis
382 2147 468 2202 amat
482 2129 570 2237 hanc
587 2131 717 2221 Caesar,
738 2132 773 2204 in
790 2133 886 2206 hoste
903 2130 1035 2232 probat.

125 2247 233 2321 Causa
250 2275 321 2320 mea
337 2265 386 2320 est
400 2245 531 2334 melior,
551 2246 607 2348 qui
626 2276 696 2321 non
713 2240 878 2322 contraria
895 2247 963 2320 fovi

172 2365 293 2450 Arma;
314 2361 370 2436 sed
389 2363 473 2436 hanc
490 2363 594 2461 merui
612 2356 819 2463 simplicitate
838 2363 959 2457 fugam.

123 2480 400 2578 Invigilcs-igitur
412 2480 536 2555 nostris
552 2510 614 2583 pro
631 2480 762 2553 casibus
781 2508 860 2566 oro,

177 2596 328 2670 Diminui
344 2594 372 2669 si
392 2624 454 2695 qua
471 2596 618 2670 numinis
632 2596 680 2670 ira
696 2612 815 2696 potest.

128 2714 219 2788 Scire
235 2741 327 2787 meos
343 2712 371 2786 si
389 2713 464 2813 quis
483 2741 579 2788 casus
596 2713 759 2788 desideret
775 2738 910 2798 omnes,

161 2895 201 2943 ²7·
214 2876 283 2927 Dum
288 2875 371 2940 licoat.
385 2873 448 2944 opt
466 2877 551 2930 Vatic.
556 2877 638 2945 juvet.

128 2951 287 3018 Putosaoet.
298 2952 399 3004 Herus.

162 3033 202 3085 aa
217 3033 384 3101 Indelr'batas.
403 3031 504 3084 liliosas.
519 3031 638 3084 Mun.-

131 3111 204 3180 Opes
216 3109 348 3179 integras,
362 3107 434 3162 nullo
448 3108 533 3161 adhuc
542 3129 601 3162 casu
611 3119 639 3163 et

126 3188 294 3242 »detrimento
306 3185 466 3238 imminutas.
484 3188 581 3239 Cuncta
591 3206 638 3238 se-

130 3277 243 3338 quuntur.
259 3263 331 3332 Quia
345 3263 507 3318 felicibus'arl
517 3265 645 3318 volunta-'

131 3362 188 3407 tem
198 3346 287 3402 fluunt
297 3348 395 3401 omnia.
409 3349 495 3402 Pons.

165 3429 205 3484 30.
230 3427 379 3494 Affmrtrttus
402 3431 526 3479 comitum.
550 3427 640 3482 Turba

133 3506 283 3573 clientium,
296 3522 343 3558 seu
351 3503 437 3573 potius
443 3511 641 3562 assentatorum.

135 3589 223 3643 Porta.

168 3666 207 3718 32.
220 3663 444 3724 Nuncmr'br'sun!;
460 3662 505 3712 Noe
512 3662 643 3716 me'hi'sra·

113 3745 118 3760 ¹
133 3737 370 3815 gmeutumlievii,
380 3748 410 3793 ut
416 3738 453 3791 ita
460 3737 532 3808 Eleg.
543 3755 588 3804 vr,
600 3741 641 3807 ιθ,

133 3823 191 3877 duo
200 3819 259 3873 libri
269 3821 333 3874 :Na
347 3821 398 3872 tite·
400 3836 448 3884 pro
459 3820 510 3869 vili
517 3816 645 3883 subpedi-

136 3897 323 3967 britanniam,⁸
337 3894 395 3950 vide
403 3894 436 3950 ad
447 3893 561 3965 Quintil.
570 3892 644 3946 Dect.

138 3973 356 4044 Vll,9-Bttam.
621 3967 624 3973 ’

171 4049 211 4105 35.
218 4053 304 4105 Rebus
311 4056 527 4107 succum'telaesrk.
537 4049 647 4104 Atii-las·

137 4137 193 4199 ὡς
213 4131 335 4187 meliores
346 4136 428 4202 tapso
432 4174 442 4201 ‚
456 4131 528 4204 quod
537 4126 657 4201 sequor,'

687 2892 846 2945 quamquam
864 2883 890 2925 et
907 2870 1019 2924 alterum
1038 2878 1125 2937 potest
1142 2865 1195 2919 ad-

601 2980 604 2987 ·
625 2962 628 2967 '
686 2955 755 3006 mitti
764 2972 771 3005 t
780 2951 904 3005 sicTrist.
916 2947 953 3014 V,
970 2947 1042 3016 meg.
1057 2963 1097 3012 11,
1109 2964 1133 2998 v.
1146 2947 1193 3011 41:

688 3035 776 3103 «Quo
789 3034 876 3100 ferar,
888 3030 958 3083 unde
967 3040 1053 3101 petam
1061 3028 1137 3096 lapsis
1146 3045 1195 3078 so·

686 3114 747 3167 latia
754 3110 922 3165 rebus?»ubi
929 3105 1160 3162 similisdiversitas
1168 3105 1196 3156 in

687 3192 787 3261 scriptis
799 3181 1006 3261 exemplaribus,⁸
1020 3187 1126 3241 Gratius
1135 3186 1209 3258 (ly-¹

688 3272 807 3341 negetico
825 3289 832 3324 :
847 3292 860 3317 u
879 3271 918 3324 Te
930 3270 1063 3339 primum,
1076 3265 1196 3318 Vulcane

688 3350 751 3414 loci,
773 3366 914 3420 pacemque
934 3360 1090 3417 precamur,
1108 3342 1198 3399 Incola

689 3438 791 3494 sancte,
809 3422 881 3480 tuam
891 3465 898 3493 ,
911 3425 957 3478 des
967 3425 1041 3493 {apsis
1050 3423 1143 3475 ultima
1152 3440 1197 3473 rc-

689 3507 737 3559 bus
759 3504 869 3558 Auxilia.
885 3526 898 3551 a
918 3504 1060 3571 Perperam
1079 3504 1142 3566 ipses
1158 3518 1198 3552 re-

691 3588 737 3637 bus
749 3601 822 3636 nunc
835 3582 936 3652 legitur.
947 3582 1041 3650 Neque
1052 3577 1201 3631 aliterVir-

691 3660 765 3731 gilius
773 3660 869 3733 aliique
881 3678 912 3712 ex
922 3659 1026 3729 optimis
1033 3655 1201 3725 scriptoribus

692 3738 793 3808 passim.
808 3739 908 3790 Httttts.

725 3819 765 3883 [μ.
779 3817 865 3869 Causa
875 3834 931 3868 mea
941 3824 982 3868 est
991 3806 1084 3866 mehor.
1097 3811 1204 3880 conju„

693 3894 824 3949 rationem
837 3904 864 3947 et
876 3893 1097 3963 conspirationem
1110 3900 1203 3944 c'ontra

695 3974 845 4044 Augustum
856 3972 976 4041 iutelligit
988 3991 994 4024 :
1009 3970 1041 4023 de
1053 3989 1105 4039 qua
1117 3969 1160 4023 lib.
1174 3968 1202 4023 11

695 4061 721 4106 et
734 4049 791 4117 tlt,
806 4049 879 4120 Eleg.
892 4068 916 4102 v.
929 4049 1007 4103 Mun.

727 4131 1004 4196 45.Desidera!omues.
1009 4129 1146 4182 'Desideret
1150 4134 1203 4178 tres
