2624 4816
258 407 328 474 EX
351 406 535 474 ΡΟΝΤΟ
559 409 660 475 LIB.
685 411 715 476 1.
743 410 917 480 EPIST.
944 416 1017 482 IX.
1104 415 1167 483 303

150 545 232 641 Quo
248 543 354 643 levius
371 545 499 635 doleas,
520 548 705 648 experietur
721 578 829 651 opem.
1137 581 1170 631 30

99 663 184 734 Haec
201 660 283 735 mihi
300 662 400 736 verba
418 662 509 738 malae
521 658 719 738 'minuerunt
735 666 829 739 taedia
845 666 941 742 vitae:
968 715 970 719 ·

149 778 236 873 Qua
254 794 309 864 tu,
325 806 367 851 ne
384 777 526 867 suerint,
544 781 708 868 Maxime,
724 809 825 870 vana,
842 812 927 858 cave.

99 892 178 966 lluc
194 921 329 993 quoque
346 912 521 969 venturum
538 896 620 969 mihi
637 925 671 969 se
686 896 796 994 jurare
813 898 964 989 solebat,

145 1008 227 1079 Non
244 1006 308 1081 uisi
327 1024 357 1081 te
375 1007 483 1104 longae
499 1009 553 1107 jus
571 1009 636 1083 sihi
653 1009 751 1083 dante
764 1012 846 1086 viae:

99 1127 185 1197 llam
203 1142 259 1198 tua
274 1154 343 1198 uon
359 1125 424 1199 alio
442 1126 548 1200 coluit
565 1124 744 1227 penetralia
762 1127 845 1214 ritu,

143 1242 324 1314 Terrarum
343 1242 497 1315 dominos
514 1271 613 1343 quam
631 1241 712 1317 eolis
728 1243 801 1343 ipse
820 1245 922 1317 Deos.

99 1354 209 1430 Crede
223 1355 325 1443 mihi;
342 1355 466 1430 multos
482 1358 604 1432 habeas
619 1388 720 1458 quum
741 1359 861 1454 diguus
875 1361 1018 1449 amicos,

143 1475 224 1545 Nou
239 1473 304 1546 suit
320 1502 338 1547 e
355 1473 469 1549 multis
484 1472 635 1575 quolibet
648 1472 704 1546 ille
721 1474 842 1546 minor.

99 1586 131 1660 Si
149 1587 254 1660 modo
269 1617 329 1662 ner
346 1617 484 1677 census,
502 1597 562 1663 nec
578 1587 701 1662 clarum
718 1616 1016 1679 uomenavorum,

145 1703 215 1776 Sed
232 1705 383 1803 probitas
399 1734 537 1799 magnos
552 1704 790 1803 ingeniumque
807 1703 894 1777 lacit.

99 1820 179 1892 lure
195 1818 298 1912 igitur
314 1817 473 1920 lacrymas
491 1819 589 1894 Celso
606 1819 749 1893 libamus
764 1819 918 1908 ademto,

146 1934 264 2029 Quum
279 1935 444 2031 lugerem,
461 1937 538 2008 vivo
554 1964 635 2035 quas
654 1935 745 2008 dedit
761 1932 816 2006 ille
832 1934 935 2008 mihi:

99 2050 254 2124 Carmina
268 2052 341 2150 jure
358 2052 473 2125 damus
489 2065 580 2126 raros
598 2050 750 2125 testantia
768 2078 898 2139 mores,
984 2069 987 2072 ⁴

145 2168 196 2238 Ut
213 2184 268 2241 tua
286 2167 415 2242 venturi
432 2167 586 2253 uomina,
605 2165 719 2253 Celse,
738 2165 860 2262 legant.

99 2283 175 2355 lIoc
191 2301 258 2372 est,
277 2284 367 2383 qnod
382 2312 519 2385 possum
539 2284 667 2358 Geticis
685 2283 747 2355 tibi
764 2283 894 2356 mittere
914 2281 956 2354 ab
972 2282 1076 2371 arvis,
1134 2305 1168 2372 45

102 2412 105 2419 ’
146 2401 224 2473 Hoc
242 2400 349 2474 solum
367 2418 418 2475 est
432 2399 527 2488 istic,
548 2399 638 2499 quod
657 2397 762 2499 liquet
778 2426 848 2471 esse
867 2424 986 2470 meum.

99 2591 196 2642 Fratris
205 2594 278 2643 vires.
291 2589 370 2642 Vires
380 2589 470 2643 lralrls
479 2587 589 2641 Maximi
598 2626 606 2655 ,
659 2593 723 2656 ἡμεῖς
730 2591 807 2647 αὐτοῖς
814 2591 838 2642 οὐ
847 2589 1024 2656 διαμιμψᾶμεθα
1030 2595 1080 2646 Τίς
1087 2588 1168 2662 ἀρετῆς

99 2667 140 2736 {ui
149 2667 272 2735 Augusto
280 2687 384 2737 quoque
393 2677 449 2720 erat
460 2686 542 2721 corus.
656 2672 693 2722 ισίι
713 2675 804 2722 aloem
817 2669 865 2721 ι’σιί
883 2670 908 2721 τὶ
927 2673 968 2734 μὲν
989 2671 1085 2734 ἕμσιδᾶι
1101 2669 1167 2734 ι’στι,
1235 2701 1238 2705 -

127 2745 170 2799 33.
182 2746 290 2801 obterat.
299 2747 392 2800 Franc.
401 2756 427 2798 et
433 2743 556 2797 undecim
566 2741 609 2796 alii
620 2775 626 2784 ·
657 2754 773 2823 Χρήματα
784 2745 932 2820 θᾶνθιώσωι
945 2749 1022 2800 Illaec
1034 2750 1098 2808 ἄλλοι
1106 2753 1166 2816 ἔχει

99 2827 202 2877 volebat
213 2843 221 2875 :
233 2844 266 2877 sc.
276 2844 359 2893 quum
367 2823 524 2877 valediceret
534 2821 608 2895 milri.
657 2822 761 2876 Solonis
776 2842 864 2876 versus
880 2822 912 2875 ad
930 2823 1117 2892 Plutarchum,
1137 2824 1165 2878 iu

127 2903 171 2969 34.
179 2904 271 2956 Nr'sr'te
277 2904 408 2971 dautejus.
417 2902 472 2956 Nisi
481 2913 507 2955 te
518 2901 541 2954 ei
549 2919 609 2954 cou-
656 2901 775 2970 ejusdem
790 2901 860 2954 Vita.

99 2979 227 3048 cedente,
242 2991 271 3034 ut
289 2980 366 3051 longa
383 2980 548 3051 navigatione
564 2999 608 3033 me
691 2983 730 3046 40.
744 2982 796 3032 Sed
800 2985 923 3048 probitas.
942 2978 995 3032 Sed
1014 2979 1104 3033 virtus.
1123 2980 1167 3037 Sic

99 3055 191 3111 adiret.
204 3056 254 3111 Vel
265 3060 344 3112 etiam
353 3079 359 3111 z
368 3077 423 3111 uon
432 3059 495 3125 alio,
506 3077 552 3112 seu
560 3076 607 3110 ne·
655 3057 751 3110 Juveu.
760 3057 814 3111 Sat.
825 3056 913 3125 VIII,
926 3077 971 3124 ao,
981 3061 1102 3110 nobilitas
1109 3062 1167 3111 sola

99 3134 170 3188 mine
178 3136 230 3188 nisi
239 3146 265 3190 te
275 3137 354 3191 dante
361 3139 403 3210 jus
412 3137 497 3206 longe
504 3136 552 3190 viae
561 3176 568 3204 ,
578 3145 608 3188 ut
655 3139 856 3204 estatqueum'ca
867 3140 955 3188 virtus.

99 3211 129 3266 sit
140 3213 170 3266 iu
183 3213 294 3283 gratiam
307 3215 418 3268 Maximi
429 3214 536 3269 dictum.
688 3215 728 3278 42.
745 3216 826 3279 Quum
827 3210 951 3280 lugerem.
962 3210 1056 3278 Quum
1065 3211 1090 3263 io
1100 3210 1168 3264 exsi-

129 3293 170 3346 36.
184 3295 257 3353 Deos
271 3299 385 3349 domr'rtos
398 3303 524 3349 terrarum.
545 3295 606 3348 Au-
655 3294 720 3348 lium
731 3295 1025 3364 proficiscerer-Quas
1035 3295 1168 3360 deditipse

99 3380 205 3441 gustum
217 3392 247 3426 ac
259 3374 316 3443 ejus
327 3374 429 3427 liberos.
655 3376 724 3427 mihi.
735 3377 783 3426 Ille
793 3371 922 3425 meliores.
934 3372 970 3425 H.

128 3449 170 3523 39
182 3448 293 3504 Sr'modo
304 3473 353 3505 non
365 3471 463 3506 census,
474 3454 529 3505 Ne'c
537 3469 608 3503 non·
690 3451 729 3517 43.
742 3453 827 3503 Raros
840 3469 928 3502 mores.
941 3448 1033 3500 Mores
1048 3445 1165 3510 nobiles,

99 3527 171 3581 nulli.
179 3529 359 3584 H.-Sr'modo
368 3551 417 3583 nou
429 3549 526 3583 census.
536 3528 609 3598 Quia
657 3529 739 3597 quiin
755 3529 819 3581 raris
831 3547 885 3581 esse
898 3527 989 3580 solent.

99 3606 208 3674 dixerat,
216 3607 324 3661 Celsum
331 3607 469 3661 nooluisse
476 3607 608 3659 minorem
663 3609 730 3674 ,44
746 3610 855 3661 Iseuturi.
873 3616 928 3665 Τσῖι
946 3607 1087 3671 ἐσσομένοισι
1101 3604 1168 3654 κιοί-

98 3691 186 3760 atiquo
198 3710 230 3744 ex
244 3690 332 3744 amieis
349 3689 477 3755 Maximi,
494 3687 610 3742 ostendit
658 3699 719 3742 σθαι.
732 3686 842 3738 Homer.

99 3770 125 3824 id
137 3791 231 3825 verum
241 3790 311 3837 esse,
323 3770 344 3823 si
352 3770 491 3823 hominum
504 3769 609 3836 ingenia
691 3766 731 3833 46.
742 3767 800 3816 Hoc
809 3765 891 3816 solum
899 3769 938 3811 es!
950 3761 1021 3845 ι’σιισ,
1036 3757 1170 3823 quodlicet

100 3858 127 3901 et
138 3868 225 3902 mores
236 3846 449 3912 consideramus,
462 3866 516 3899 non
529 3847 610 3898 sortu·
661 3863 717 3898 esse
728 3863 815 3896 meum.
829 3841 868 3893 Ita
879 3848 904 3891 et
916 3837 1004 3904 scripti
1019 3832 1082 3887 :sed
1093 3836 1171 3901 lique!

102 3944 160 3993 nas,
170 3926 486 3993 annuntiares-otmaro
495 3944 544 3976 nou
553 3943 610 3976 ceu·
659 3941 714 3975 csse
728 3916 912 3989 reponendum
925 3933 931 3965 ε
944 3913 980 3964 sic
992 3911 1073 3994 Trist,
1081 3908 1125 3964 lib.
1136 3910 1148 3963 I
1160 3950 1169 3978 ,

104 4021 143 4056 sus
154 4024 162 4057 ι
174 4009 197 4058 ι’ν
211 4006 279 4076 σ’λθίῳ
293 4010 356 4057 Meae
367 4006 457 4069 σιἰνσιι,
476 4001 610 4055 Theocrit.
661 4000 701 4053 El.
713 4014 723 4051 1
735 4038 743 4064 ,
756 3998 788 4050 62
799 4035 806 4061 ,
817 3991 895 4046 simili
910 3989 991 4042 modo
1006 3999 1128 4058 peccatur
1140 3989 1169 4040 in

106 4079 173 4154 ldyll.
186 4084 252 4150 XV,
264 4101 329 4135 vers.
340 4085 386 4149 ²43
399 4089 480 4138 nollo!
488 4085 530 4155 γὰρ
542 4088 611 4134 κλιν-
659 4077 730 4130 libris
743 4072 850 4128 vetustis
864 4090 869 4122 :
883 4091 895 4114 «
907 4067 1079 4121 Dissimulare
1091 4066 1172 4134 '05⁸5

107 4170 162 4217 τιῦσι
175 4169 258 4227 κακοὶ,
278 4162 358 4228 ἀγαθοὶ
377 4165 400 4212 δι’
418 4164 535 4224 σίνονται,
556 4145 611 4215 ltl'
661 4167 685 4209 le
697 4155 779 4224 liquet
790 4170 843 4206 esse
857 4167 953 4202 meam.
966 4169 980 4195 t»
993 4148 1030 4200 H.
