<?xml version="1.0" encoding="UTF-8"?>
<!DOCTYPE html PUBLIC "-//W3C//DTD XHTML 1.0 Transitional//EN"
    "http://www.w3.org/TR/xhtml1/DTD/xhtml1-transitional.dtd">
<html xmlns="http://www.w3.org/1999/xhtml" xml:lang="en" lang="en">
 <head>
  <title>
</title>
<meta http-equiv="Content-Type" content="text/html;charset=utf-8" />
  <meta name='ocr-system' content='tesseract 3.04.00' />
  <meta name='ocr-capabilities' content='ocr_page ocr_carea ocr_par ocr_line ocrx_word'/>
</head>
<body>
  <div class='ocr_page' id='page_1' title='image "bibliothecaclas31lemagoog_0099.png"; bbox 0 0 2624 4816; ppageno 0'>
   <div class='ocr_carea' id='block_1_1' title="bbox 162 393 960 499">
    <p class='ocr_par' dir='ltr' id='par_1_1' title="bbox 162 393 960 499">
     <span class='ocr_line' id='line_1_1' title="bbox 162 393 960 499; baseline -0.005 -27"><span class='ocrx_word' id='word_1_1' title='bbox 162 407 204 499; x_wconf 68' lang='lat' dir='ltr'><strong>,a</strong></span> <span class='ocrx_word' id='word_1_2' title='bbox 390 404 392 409; x_wconf 90' lang='lat'><em>·</em></span> <span class='ocrx_word' id='word_1_3' title='bbox 434 399 474 466; x_wconf 83' lang='lat' dir='ltr'><strong>r.</strong></span> <span class='ocrx_word' id='word_1_4' title='bbox 506 399 694 468; x_wconf 89' lang='lat' dir='ltr'><strong>ov1o11</strong></span> <span class='ocrx_word' id='word_1_5' title='bbox 720 393 960 468; x_wconf 74' lang='lat' dir='ltr'><strong>uasours</strong></span> 
     </span>
    </p>
   </div>
   <div class='ocr_carea' id='block_1_2' title="bbox 120 537 1248 2379">
    <p class='ocr_par' dir='ltr' id='par_1_2' title="bbox 120 537 1248 2379">
     <span class='ocr_line' id='line_1_2' title="bbox 208 537 1238 640; baseline 0.003 -25"><span class='ocrx_word' id='word_1_6' title='bbox 208 543 255 615; x_wconf 85' lang='lat' dir='ltr'><strong>Et</strong></span> <span class='ocrx_word' id='word_1_7' title='bbox 273 557 399 640; x_wconf 89' lang='lat' dir='ltr'><strong>septem</strong></span> <span class='ocrx_word' id='word_1_8' title='bbox 414 556 545 638; x_wconf 86' lang='lat' dir='ltr'><strong>portas,</strong></span> <span class='ocrx_word' id='word_1_9' title='bbox 565 538 628 612; x_wconf 89' lang='lat' dir='ltr'><strong>sub</strong></span> <span class='ocrx_word' id='word_1_10' title='bbox 648 537 730 611; x_wconf 91' lang='lat' dir='ltr'><strong>duce</strong></span> <span class='ocrx_word' id='word_1_11' title='bbox 750 567 915 639; x_wconf 90' lang='lat' dir='ltr'><strong>quamque</strong></span> <span class='ocrx_word' id='word_1_12' title='bbox 932 541 1019 614; x_wconf 87' lang='lat' dir='ltr'><strong>suo?</strong></span> <span class='ocrx_word' id='word_1_13' title='bbox 1187 565 1238 619; x_wconf 65' lang='grc' dir='ltr'><strong>διο</strong></span> 
     </span>
     <span class='ocr_line' id='line_1_3' title="bbox 160 653 1224 753; baseline 0.001 -20"><span class='ocrx_word' id='word_1_14' title='bbox 160 660 229 733; x_wconf 87' lang='lat' dir='ltr'><strong>Nec</strong></span> <span class='ocrx_word' id='word_1_15' title='bbox 246 657 331 730; x_wconf 90' lang='lat' dir='ltr'><strong>mihi</strong></span> <span class='ocrx_word' id='word_1_16' title='bbox 348 656 518 729; x_wconf 81' lang='lat' dir='ltr'><strong>materiam</strong></span> <span class='ocrx_word' id='word_1_17' title='bbox 534 653 688 729; x_wconf 79' lang='lat' dir='ltr'>bellatrix</span> <span class='ocrx_word' id='word_1_18' title='bbox 705 658 997 753; x_wconf 86' lang='lat' dir='ltr'><strong>Romanegabat:</strong></span> <span class='ocrx_word' id='word_1_19' title='bbox 1215 654 1224 669; x_wconf 65' lang='grc'><strong><em>’</em></strong></span> 
     </span>
     <span class='ocr_line' id='line_1_4' title="bbox 212 772 949 876; baseline 0.004 -27"><span class='ocrx_word' id='word_1_20' title='bbox 212 777 257 849; x_wconf 87' lang='lat' dir='ltr'><strong>Et</strong></span> <span class='ocrx_word' id='word_1_21' title='bbox 272 775 349 876; x_wconf 91' lang='lat' dir='ltr'><strong>pius</strong></span> <span class='ocrx_word' id='word_1_22' title='bbox 368 793 433 862; x_wconf 86' lang='lat' dir='ltr'><strong>est,</strong></span> <span class='ocrx_word' id='word_1_23' title='bbox 454 772 567 875; x_wconf 90' lang='lat' dir='ltr'><strong>patriae</strong></span> <span class='ocrx_word' id='word_1_24' title='bbox 584 773 670 848; x_wconf 86' lang='lat' dir='ltr'><strong>saeta</strong></span> <span class='ocrx_word' id='word_1_25' title='bbox 687 773 823 864; x_wconf 80' lang='lat' dir='ltr'><strong>referre,</strong></span> <span class='ocrx_word' id='word_1_26' title='bbox 843 775 949 852; x_wconf 89' lang='lat' dir='ltr'><strong>labor.</strong></span> 
     </span>
     <span class='ocr_line' id='line_1_5' title="bbox 165 887 1109 989; baseline 0.006 -26"><span class='ocrx_word' id='word_1_27' title='bbox 165 889 339 989; x_wconf 89' lang='lat' dir='ltr'><strong>Denique,</strong></span> <span class='ocrx_word' id='word_1_28' title='bbox 363 917 467 988; x_wconf 89' lang='lat' dir='ltr'><strong>quum</strong></span> <span class='ocrx_word' id='word_1_29' title='bbox 482 887 609 963; x_wconf 88' lang='lat' dir='ltr'><strong>meritis</strong></span> <span class='ocrx_word' id='word_1_30' title='bbox 628 887 816 989; x_wconf 78' lang='lat' dir='ltr'><strong>impleveris</strong></span> <span class='ocrx_word' id='word_1_31' title='bbox 834 893 963 982; x_wconf 90' lang='lat' dir='ltr'><strong>omnia,</strong></span> <span class='ocrx_word' id='word_1_32' title='bbox 981 895 1109 984; x_wconf 87' lang='lat' dir='ltr'><strong>Caesar,</strong></span> 
     </span>
     <span class='ocr_line' id='line_1_6' title="bbox 215 1002 919 1080; baseline 0.004 -4"><span class='ocrx_word' id='word_1_33' title='bbox 215 1004 297 1076; x_wconf 92' lang='lat' dir='ltr'><strong>Pars</strong></span> <span class='ocrx_word' id='word_1_34' title='bbox 313 1003 396 1077; x_wconf 92' lang='lat' dir='ltr'><strong>mibi</strong></span> <span class='ocrx_word' id='word_1_35' title='bbox 414 1002 454 1078; x_wconf 89' lang='lat' dir='ltr'><strong>de</strong></span> <span class='ocrx_word' id='word_1_36' title='bbox 470 1003 585 1078; x_wconf 91' lang='lat' dir='ltr'><strong>multis</strong></span> <span class='ocrx_word' id='word_1_37' title='bbox 602 1032 669 1078; x_wconf 89' lang='lat' dir='ltr'><strong>una</strong></span> <span class='ocrx_word' id='word_1_38' title='bbox 686 1006 830 1080; x_wconf 87' lang='lat' dir='ltr'><strong>canenda</strong></span> <span class='ocrx_word' id='word_1_39' title='bbox 844 1007 919 1079; x_wconf 81' lang='lat' dir='ltr'><strong>fuit.</strong></span> 
     </span>
     <span class='ocr_line' id='line_1_7' title="bbox 165 1119 1240 1221; baseline 0.003 -27"><span class='ocrx_word' id='word_1_40' title='bbox 165 1119 437 1221; x_wconf 83' lang='lat' dir='ltr'><strong>thue-trabunt</strong></span> <span class='ocrx_word' id='word_1_41' title='bbox 453 1119 568 1194; x_wconf 91' lang='lat' dir='ltr'><strong>oculos</strong></span> <span class='ocrx_word' id='word_1_42' title='bbox 585 1120 746 1195; x_wconf 82' lang='lat' dir='ltr'><strong>radiantia</strong></span> <span class='ocrx_word' id='word_1_43' title='bbox 761 1121 893 1197; x_wconf 84' lang='lat' dir='ltr'><strong>lumina</strong></span> <span class='ocrx_word' id='word_1_44' title='bbox 905 1121 994 1198; x_wconf 89' lang='lat' dir='ltr'><strong>Solis</strong></span> <span class='ocrx_word' id='word_1_45' title='bbox 1008 1153 1017 1213; x_wconf 92' lang='grc'><strong>;</strong></span> <span class='ocrx_word' id='word_1_46' title='bbox 1192 1144 1240 1198; x_wconf 81' lang='lat'><strong>325</strong></span> 
     </span>
     <span class='ocr_line' id='line_1_8' title="bbox 215 1233 946 1322; baseline 0.007 -17"><span class='ocrx_word' id='word_1_47' title='bbox 215 1233 410 1322; x_wconf 81' lang='lat' dir='ltr'><strong>Traxisseut</strong></span> <span class='ocrx_word' id='word_1_48' title='bbox 427 1233 574 1308; x_wconf 88' lang='lat' dir='ltr'><strong>animum</strong></span> <span class='ocrx_word' id='word_1_49' title='bbox 591 1235 637 1309; x_wconf 90' lang='lat' dir='ltr'><strong>sic</strong></span> <span class='ocrx_word' id='word_1_50' title='bbox 653 1252 710 1309; x_wconf 90' lang='lat' dir='ltr'><strong>tua</strong></span> <span class='ocrx_word' id='word_1_51' title='bbox 726 1236 946 1312; x_wconf 80' lang='lat' dir='ltr'><strong>lactameum.</strong></span> 
     </span>
     <span class='ocr_line' id='line_1_9' title="bbox 167 1347 1032 1456; baseline 0.009 -35"><span class='ocrx_word' id='word_1_52' title='bbox 167 1347 302 1443; x_wconf 83' lang='lat' dir='ltr'><strong>Arguor</strong></span> <span class='ocrx_word' id='word_1_53' title='bbox 318 1348 503 1438; x_wconf 88' lang='lat' dir='ltr'><strong>immerito;</strong></span> <span class='ocrx_word' id='word_1_54' title='bbox 522 1351 632 1425; x_wconf 91' lang='lat' dir='ltr'><strong>tenuis</strong></span> <span class='ocrx_word' id='word_1_55' title='bbox 649 1352 731 1426; x_wconf 90' lang='lat' dir='ltr'><strong>mibi</strong></span> <span class='ocrx_word' id='word_1_56' title='bbox 749 1381 884 1456; x_wconf 88' lang='lat' dir='ltr'><strong>campus</strong></span> <span class='ocrx_word' id='word_1_57' title='bbox 901 1373 1032 1429; x_wconf 85' lang='lat' dir='ltr'><strong>aratur:</strong></span> 
     </span>
     <span class='ocr_line' id='line_1_10' title="bbox 214 1464 848 1573; baseline 0.013 -37"><span class='ocrx_word' id='word_1_58' title='bbox 214 1464 305 1539; x_wconf 90' lang='lat' dir='ltr'><strong>Illud</strong></span> <span class='ocrx_word' id='word_1_59' title='bbox 324 1484 393 1540; x_wconf 88' lang='lat' dir='ltr'><strong>erat</strong></span> <span class='ocrx_word' id='word_1_60' title='bbox 409 1496 536 1563; x_wconf 82' lang='lat' dir='ltr'><strong>magnae</strong></span> <span class='ocrx_word' id='word_1_61' title='bbox 553 1468 734 1544; x_wconf 73' lang='lat' dir='ltr'><strong>fertilitatis</strong></span> <span class='ocrx_word' id='word_1_62' title='bbox 753 1493 848 1573; x_wconf 90' lang='lat' dir='ltr'><strong>opus.</strong></span> 
     </span>
     <span class='ocr_line' id='line_1_11' title="bbox 168 1583 941 1689; baseline 0.008 -33"><span class='ocrx_word' id='word_1_63' title='bbox 168 1584 248 1656; x_wconf 88' lang='lat' dir='ltr'><strong>Non</strong></span> <span class='ocrx_word' id='word_1_64' title='bbox 265 1583 341 1656; x_wconf 93' lang='lat' dir='ltr'><strong>ideo</strong></span> <span class='ocrx_word' id='word_1_65' title='bbox 361 1583 459 1657; x_wconf 91' lang='lat' dir='ltr'><strong>debet</strong></span> <span class='ocrx_word' id='word_1_66' title='bbox 475 1584 592 1684; x_wconf 87' lang='lat' dir='ltr'><strong>pelago</strong></span> <span class='ocrx_word' id='word_1_67' title='bbox 610 1613 645 1658; x_wconf 89' lang='lat' dir='ltr'><strong>se</strong></span> <span class='ocrx_word' id='word_1_68' title='bbox 664 1587 810 1676; x_wconf 90' lang='lat' dir='ltr'><strong>credere,</strong></span> <span class='ocrx_word' id='word_1_69' title='bbox 829 1588 857 1661; x_wconf 92' lang='lat' dir='ltr'><strong>si</strong></span> <span class='ocrx_word' id='word_1_70' title='bbox 876 1618 941 1689; x_wconf 91' lang='lat' dir='ltr'><strong>qua</strong></span> 
     </span>
     <span class='ocr_line' id='line_1_12' title="bbox 214 1701 1243 1806; baseline 0.004 -32"><span class='ocrx_word' id='word_1_71' title='bbox 214 1701 327 1775; x_wconf 82' lang='lat' dir='ltr'><strong>Audet</strong></span> <span class='ocrx_word' id='word_1_72' title='bbox 343 1701 379 1774; x_wconf 90' lang='lat' dir='ltr'><strong>in</strong></span> <span class='ocrx_word' id='word_1_73' title='bbox 397 1702 517 1798; x_wconf 86' lang='lat' dir='ltr'><strong>exiguo</strong></span> <span class='ocrx_word' id='word_1_74' title='bbox 534 1703 647 1778; x_wconf 91' lang='lat' dir='ltr'><strong>ludere</strong></span> <span class='ocrx_word' id='word_1_75' title='bbox 664 1706 778 1806; x_wconf 78' lang='lat' dir='ltr'><strong>cymba</strong></span> <span class='ocrx_word' id='word_1_76' title='bbox 795 1704 879 1780; x_wconf 90' lang='lat' dir='ltr'><strong>lacu.</strong></span> <span class='ocrx_word' id='word_1_77' title='bbox 1194 1731 1243 1781; x_wconf 78' lang='lat'><strong>330</strong></span> 
     </span>
     <span class='ocr_line' id='line_1_13' title="bbox 167 1816 1044 1923; baseline 0.008 -34"><span class='ocrx_word' id='word_1_78' title='bbox 167 1817 323 1890; x_wconf 87' lang='lat' dir='ltr'><strong>Forsitan</strong></span> <span class='ocrx_word' id='word_1_79' title='bbox 343 1835 374 1890; x_wconf 89' lang='lat' dir='ltr'><strong>et</strong></span> <span class='ocrx_word' id='word_1_80' title='bbox 393 1816 563 1907; x_wconf 88' lang='lat' dir='ltr'><strong>dubitem,</strong></span> <span class='ocrx_word' id='word_1_81' title='bbox 582 1821 730 1895; x_wconf 89' lang='lat' dir='ltr'><strong>numeris</strong></span> <span class='ocrx_word' id='word_1_82' title='bbox 747 1821 930 1896; x_wconf 89' lang='lat' dir='ltr'><strong>levioribus</strong></span> <span class='ocrx_word' id='word_1_83' title='bbox 945 1839 1044 1923; x_wconf 90' lang='lat' dir='ltr'><strong>aptus</strong></span> 
     </span>
     <span class='ocr_line' id='line_1_14' title="bbox 217 1934 993 2040; baseline 0.009 -35"><span class='ocrx_word' id='word_1_84' title='bbox 217 1934 287 2007; x_wconf 91' lang='lat' dir='ltr'><strong>Sim</strong></span> <span class='ocrx_word' id='word_1_85' title='bbox 307 1935 406 2024; x_wconf 90' lang='lat' dir='ltr'><strong>satis;</strong></span> <span class='ocrx_word' id='word_1_86' title='bbox 426 1936 460 2007; x_wconf 92' lang='lat' dir='ltr'><strong>in</strong></span> <span class='ocrx_word' id='word_1_87' title='bbox 477 1965 600 2037; x_wconf 88' lang='lat' dir='ltr'><strong>parvos</strong></span> <span class='ocrx_word' id='word_1_88' title='bbox 619 1939 847 2040; x_wconf 87' lang='lat' dir='ltr'><strong>sufficiamque</strong></span> <span class='ocrx_word' id='word_1_89' title='bbox 863 1939 993 2014; x_wconf 90' lang='lat' dir='ltr'><strong>modos.</strong></span> 
     </span>
     <span class='ocr_line' id='line_1_15' title="bbox 173 2051 1017 2150; baseline 0.004 -25"><span class='ocrx_word' id='word_1_90' title='bbox 173 2053 219 2125; x_wconf 80' lang='lat' dir='ltr'><strong>At</strong></span> <span class='ocrx_word' id='word_1_91' title='bbox 236 2051 265 2125; x_wconf 91' lang='lat' dir='ltr'><strong>si</strong></span> <span class='ocrx_word' id='word_1_92' title='bbox 282 2079 335 2123; x_wconf 93' lang='lat' dir='ltr'><strong>me</strong></span> <span class='ocrx_word' id='word_1_93' title='bbox 350 2051 468 2150; x_wconf 88' lang='lat' dir='ltr'><strong>jubeas</strong></span> <span class='ocrx_word' id='word_1_94' title='bbox 487 2052 631 2128; x_wconf 89' lang='lat' dir='ltr'><strong>domitos</strong></span> <span class='ocrx_word' id='word_1_95' title='bbox 648 2056 742 2128; x_wconf 86' lang='lat' dir='ltr'><strong>Jovis</strong></span> <span class='ocrx_word' id='word_1_96' title='bbox 759 2055 836 2150; x_wconf 91' lang='lat' dir='ltr'><strong>igne</strong></span> <span class='ocrx_word' id='word_1_97' title='bbox 855 2055 1017 2150; x_wconf 82' lang='lat' dir='ltr'><strong>Gigantas</strong></span> 
     </span>
     <span class='ocr_line' id='line_1_16' title="bbox 221 2168 875 2255; baseline 0.008 -14"><span class='ocrx_word' id='word_1_98' title='bbox 221 2168 356 2255; x_wconf 82' lang='lat' dir='ltr'><strong>Dicere3</strong></span> <span class='ocrx_word' id='word_1_99' title='bbox 370 2173 551 2241; x_wconf 87' lang='lat' dir='ltr'><strong>conantem</strong></span> <span class='ocrx_word' id='word_1_100' title='bbox 570 2168 759 2244; x_wconf 83' lang='lat' dir='ltr'><strong>debilitabit</strong></span> <span class='ocrx_word' id='word_1_101' title='bbox 778 2200 875 2246; x_wconf 84' lang='lat' dir='ltr'><strong>onus.</strong></span> 
     </span>
     <span class='ocr_line' id='line_1_17' title="bbox 120 2283 1248 2379; baseline 0.005 -23"><span class='ocrx_word' id='word_1_102' title='bbox 120 2333 121 2338; x_wconf 21' lang='grc' dir='ltr'><strong>κ</strong></span> <span class='ocrx_word' id='word_1_103' title='bbox 171 2283 295 2357; x_wconf 89' lang='lat' dir='ltr'><strong>Divitis</strong></span> <span class='ocrx_word' id='word_1_104' title='bbox 312 2284 440 2379; x_wconf 90' lang='lat' dir='ltr'><strong>ingenii</strong></span> <span class='ocrx_word' id='word_1_105' title='bbox 457 2302 509 2357; x_wconf 92' lang='lat' dir='ltr'><strong>est</strong></span> <span class='ocrx_word' id='word_1_106' title='bbox 524 2284 680 2358; x_wconf 91' lang='lat' dir='ltr'><strong>immania</strong></span> <span class='ocrx_word' id='word_1_107' title='bbox 697 2287 834 2360; x_wconf 84' lang='lat' dir='ltr'><strong>Caesaris</strong></span> <span class='ocrx_word' id='word_1_108' title='bbox 851 2304 922 2360; x_wconf 87' lang='lat' dir='ltr'><strong>aeta</strong></span> <span class='ocrx_word' id='word_1_109' title='bbox 1199 2287 1248 2363; x_wconf 76' lang='lat'><strong>335</strong></span> 
     </span>
    </p>
   </div>
   <div class='ocr_carea' id='block_1_3' title="bbox 164 2401 1040 2856">
    <p class='ocr_par' dir='ltr' id='par_1_3' title="bbox 164 2401 1040 2856">
     <span class='ocr_line' id='line_1_18' title="bbox 225 2401 914 2504; baseline -0.003 -28"><span class='ocrx_word' id='word_1_110' title='bbox 225 2403 400 2490; x_wconf 81' lang='lat' dir='ltr'><strong>Condere3</strong></span> <span class='ocrx_word' id='word_1_111' title='bbox 419 2401 554 2476; x_wconf 90' lang='lat' dir='ltr'><strong>materia</strong></span> <span class='ocrx_word' id='word_1_112' title='bbox 571 2431 612 2476; x_wconf 92' lang='lat' dir='ltr'><strong>ne</strong></span> <span class='ocrx_word' id='word_1_113' title='bbox 630 2420 805 2504; x_wconf 83' lang='lat' dir='ltr'><strong>superetur</strong></span> <span class='ocrx_word' id='word_1_114' title='bbox 818 2431 914 2503; x_wconf 91' lang='lat' dir='ltr'><strong>opus.</strong></span> 
     </span>
     <span class='ocr_line' id='line_1_19' title="bbox 173 2519 1040 2607; baseline -0.003 -12"><span class='ocrx_word' id='word_1_115' title='bbox 173 2523 219 2595; x_wconf 85' lang='lat' dir='ltr'><strong>Et</strong></span> <span class='ocrx_word' id='word_1_116' title='bbox 235 2540 347 2595; x_wconf 89' lang='lat' dir='ltr'><strong>tamen</strong></span> <span class='ocrx_word' id='word_1_117' title='bbox 365 2549 465 2596; x_wconf 90' lang='lat' dir='ltr'><strong>ausus</strong></span> <span class='ocrx_word' id='word_1_118' title='bbox 485 2548 571 2593; x_wconf 89' lang='lat' dir='ltr'><strong>eram</strong></span> <span class='ocrx_word' id='word_1_119' title='bbox 588 2550 595 2593; x_wconf 93' lang='lat'>:</span> <span class='ocrx_word' id='word_1_120' title='bbox 616 2521 673 2595; x_wconf 79' lang='lat' dir='ltr'><strong>secl</strong></span> <span class='ocrx_word' id='word_1_121' title='bbox 690 2520 870 2595; x_wconf 83' lang='lat' dir='ltr'><strong>detrectare</strong></span> <span class='ocrx_word' id='word_1_122' title='bbox 886 2519 1040 2607; x_wconf 90' lang='lat' dir='ltr'><strong>videbar,</strong></span> 
     </span>
     <span class='ocr_line' id='line_1_20' title="bbox 223 2637 989 2741; baseline -0.009 -26"><span class='ocrx_word' id='word_1_123' title='bbox 223 2639 394 2741; x_wconf 83' lang='lat' dir='ltr'><strong>Quodque</strong></span> <span class='ocrx_word' id='word_1_124' title='bbox 412 2638 520 2726; x_wconf 82' lang='lat' dir='ltr'><strong>nefas,</strong></span> <span class='ocrx_word' id='word_1_125' title='bbox 539 2637 660 2711; x_wconf 90' lang='lat' dir='ltr'><strong>damno</strong></span> <span class='ocrx_word' id='word_1_126' title='bbox 677 2638 806 2712; x_wconf 86' lang='lat' dir='ltr'><strong>viribus</strong></span> <span class='ocrx_word' id='word_1_127' title='bbox 823 2666 894 2712; x_wconf 89' lang='lat' dir='ltr'><strong>esse</strong></span> <span class='ocrx_word' id='word_1_128' title='bbox 912 2638 989 2711; x_wconf 91' lang='lat' dir='ltr'><strong>tuis.</strong></span> 
     </span>
     <span class='ocr_line' id='line_1_21' title="bbox 164 2751 1037 2856; baseline -0.006 -28"><span class='ocrx_word' id='word_1_129' title='bbox 164 2754 228 2828; x_wconf 70' lang='lat' dir='ltr'><strong>&#39;Ad</strong></span> <span class='ocrx_word' id='word_1_130' title='bbox 247 2754 316 2828; x_wconf 85' lang='lat' dir='ltr'><strong>leve</strong></span> <span class='ocrx_word' id='word_1_131' title='bbox 332 2783 449 2829; x_wconf 87' lang='lat' dir='ltr'><strong>rursus</strong></span> <span class='ocrx_word' id='word_1_132' title='bbox 468 2783 574 2856; x_wconf 91' lang='lat' dir='ltr'><strong>opus,</strong></span> <span class='ocrx_word' id='word_1_133' title='bbox 591 2753 746 2854; x_wconf 87' lang='lat' dir='ltr'><strong>juvenilia</strong></span> <span class='ocrx_word' id='word_1_134' title='bbox 764 2753 923 2840; x_wconf 88' lang='lat' dir='ltr'><strong>carmina,</strong></span> <span class='ocrx_word' id='word_1_135' title='bbox 943 2751 1037 2839; x_wconf 88' lang='lat' dir='ltr'><strong>veni;</strong></span> 
     </span>
    </p>
   </div>
   <div class='ocr_carea' id='block_1_4' title="bbox 172 2919 1294 4247">
    <p class='ocr_par' dir='ltr' id='par_1_4' title="bbox 172 2919 1294 4247">
     <span class='ocr_line' id='line_1_22' title="bbox 172 2919 1253 2988; baseline 0.002 -15"><span class='ocrx_word' id='word_1_136' title='bbox 172 2929 264 2973; x_wconf 73' lang='lat' dir='ltr'><strong>martua</strong></span> <span class='ocrx_word' id='word_1_137' title='bbox 273 2919 383 2972; x_wconf 75' lang='lat' dir='ltr'><strong>vulnera</strong></span> <span class='ocrx_word' id='word_1_138' title='bbox 394 2919 524 2986; x_wconf 83' lang='lat' dir='ltr'><strong>fratrum,</strong></span> <span class='ocrx_word' id='word_1_139' title='bbox 538 2920 650 2973; x_wconf 87' lang='lat' dir='ltr'><strong>Eteoelis</strong></span> <span class='ocrx_word' id='word_1_140' title='bbox 660 2929 687 2974; x_wconf 85' lang='lat' dir='ltr'><strong>et</strong></span> <span class='ocrx_word' id='word_1_141' title='bbox 769 2922 826 2975; x_wconf 79' lang='lat'><strong>328.</strong></span> <span class='ocrx_word' id='word_1_142' title='bbox 837 2923 910 2974; x_wconf 83' lang='lat' dir='ltr'><strong>Illud</strong></span> <span class='ocrx_word' id='word_1_143' title='bbox 919 2937 989 2988; x_wconf 83' lang='lat' dir='ltr'><strong>opus.</strong></span> <span class='ocrx_word' id='word_1_144' title='bbox 1002 2920 1053 2974; x_wconf 89' lang='lat' dir='ltr'><strong>Vel</strong></span> <span class='ocrx_word' id='word_1_145' title='bbox 1064 2919 1164 2974; x_wconf 90' lang='lat' dir='ltr'><strong>bellum</strong></span> <span class='ocrx_word' id='word_1_146' title='bbox 1177 2920 1253 2975; x_wconf 83' lang='lat' dir='ltr'><strong>The·</strong></span> 
     </span>
     <span class='ocr_line' id='line_1_23' title="bbox 172 2996 1252 3069; baseline 0.001 -18"><span class='ocrx_word' id='word_1_147' title='bbox 172 2996 305 3068; x_wconf 84' lang='lat' dir='ltr'><strong>Polynicis</strong></span> <span class='ocrx_word' id='word_1_148' title='bbox 314 3006 429 3051; x_wconf 75' lang='lat' dir='ltr'><strong>mortem</strong></span> <span class='ocrx_word' id='word_1_149' title='bbox 437 2998 567 3068; x_wconf 82' lang='lat' dir='ltr'><strong>intellige,</strong></span> <span class='ocrx_word' id='word_1_150' title='bbox 578 2998 622 3066; x_wconf 90' lang='lat' dir='ltr'><strong>qui</strong></span> <span class='ocrx_word' id='word_1_151' title='bbox 630 3018 686 3050; x_wconf 91' lang='lat' dir='ltr'><strong>mu·</strong></span> <span class='ocrx_word' id='word_1_152' title='bbox 735 3001 835 3055; x_wconf 86' lang='lat' dir='ltr'><strong>banum</strong></span> <span class='ocrx_word' id='word_1_153' title='bbox 846 2999 992 3068; x_wconf 89' lang='lat' dir='ltr'><strong>etreliqua,</strong></span> <span class='ocrx_word' id='word_1_154' title='bbox 1002 2998 1163 3068; x_wconf 80' lang='lat' dir='ltr'><strong>velAugusti</strong></span> <span class='ocrx_word' id='word_1_155' title='bbox 1172 3009 1252 3069; x_wconf 84' lang='lat' dir='ltr'><strong>gesta.</strong></span> 
     </span>
     <span class='ocr_line' id='line_1_24' title="bbox 174 3075 1253 3146; baseline 0.001 -17"><span class='ocrx_word' id='word_1_156' title='bbox 174 3087 220 3130; x_wconf 86' lang='lat' dir='ltr'><strong>tuo</strong></span> <span class='ocrx_word' id='word_1_157' title='bbox 232 3076 284 3128; x_wconf 91' lang='lat' dir='ltr'><strong>ictu</strong></span> <span class='ocrx_word' id='word_1_158' title='bbox 294 3075 411 3128; x_wconf 87' lang='lat' dir='ltr'><strong>cecidere</strong></span> <span class='ocrx_word' id='word_1_159' title='bbox 423 3115 430 3140; x_wconf 96' lang='lat'><strong>,</strong></span> <span class='ocrx_word' id='word_1_160' title='bbox 445 3075 617 3129; x_wconf 82' lang='lat' dir='ltr'><strong>utDiodorus</strong></span> <span class='ocrx_word' id='word_1_161' title='bbox 626 3077 687 3129; x_wconf 85' lang='lat' dir='ltr'><strong>scri·</strong></span> <span class='ocrx_word' id='word_1_162' title='bbox 735 3076 911 3144; x_wconf 76' lang='lat' dir='ltr'><strong>M.·-Maguoe</strong></span> <span class='ocrx_word' id='word_1_163' title='bbox 915 3077 1070 3145; x_wconf 59' lang='lat' dir='ltr'><strong>fertilitates.</strong></span> <span class='ocrx_word' id='word_1_164' title='bbox 1083 3077 1188 3146; x_wconf 84' lang='lat' dir='ltr'><strong>Ingenii</strong></span> <span class='ocrx_word' id='word_1_165' title='bbox 1199 3077 1253 3130; x_wconf 80' lang='lat' dir='ltr'><strong>fer·</strong></span> 
     </span>
     <span class='ocr_line' id='line_1_25' title="bbox 172 3147 1187 3224; baseline 0.002 -18"><span class='ocrx_word' id='word_1_166' title='bbox 172 3152 228 3218; x_wconf 82' lang='lat' dir='ltr'><strong>bit,</strong></span> <span class='ocrx_word' id='word_1_167' title='bbox 240 3163 267 3206; x_wconf 88' lang='lat' dir='ltr'><strong>et</strong></span> <span class='ocrx_word' id='word_1_168' title='bbox 276 3153 374 3207; x_wconf 83' lang='lat' dir='ltr'><strong>Statius</strong></span> <span class='ocrx_word' id='word_1_169' title='bbox 386 3154 492 3219; x_wconf 87' lang='lat' dir='ltr'><strong>cecinit,</strong></span> <span class='ocrx_word' id='word_1_170' title='bbox 506 3173 537 3206; x_wconf 84' lang='lat' dir='ltr'><strong>ex</strong></span> <span class='ocrx_word' id='word_1_171' title='bbox 551 3172 603 3222; x_wconf 91' lang='lat' dir='ltr'><strong>quo</strong></span> <span class='ocrx_word' id='word_1_172' title='bbox 614 3152 688 3205; x_wconf 91' lang='lat' dir='ltr'><strong>The·</strong></span> <span class='ocrx_word' id='word_1_173' title='bbox 736 3155 800 3219; x_wconf 89' lang='lat' dir='ltr'><strong>tilis,</strong></span> <span class='ocrx_word' id='word_1_174' title='bbox 813 3154 900 3207; x_wconf 89' lang='lat' dir='ltr'><strong>uberis</strong></span> <span class='ocrx_word' id='word_1_175' title='bbox 912 3155 1019 3224; x_wconf 89' lang='lat' dir='ltr'><strong>ingenii.</strong></span> <span class='ocrx_word' id='word_1_176' title='bbox 1031 3154 1141 3208; x_wconf 74' lang='lat' dir='ltr'><strong>Bausta.</strong></span> <span class='ocrx_word' id='word_1_177' title='bbox 1184 3147 1187 3153; x_wconf 52' lang='grc'><strong>’</strong></span> 
     </span>
     <span class='ocr_line' id='line_1_26' title="bbox 173 3231 1254 3302; baseline 0.001 -17"><span class='ocrx_word' id='word_1_178' title='bbox 173 3231 274 3285; x_wconf 91' lang='lat' dir='ltr'><strong>banum</strong></span> <span class='ocrx_word' id='word_1_179' title='bbox 284 3231 382 3285; x_wconf 88' lang='lat' dir='ltr'><strong>bellum</strong></span> <span class='ocrx_word' id='word_1_180' title='bbox 398 3232 524 3301; x_wconf 88' lang='lat' dir='ltr'><strong>designat.</strong></span> <span class='ocrx_word' id='word_1_181' title='bbox 770 3232 827 3285; x_wconf 82' lang='lat'>330.</span> <span class='ocrx_word' id='word_1_182' title='bbox 842 3234 939 3284; x_wconf 81' lang='lat' dir='ltr'><strong>Ludere</strong></span> <span class='ocrx_word' id='word_1_183' title='bbox 955 3236 1063 3302; x_wconf 85' lang='lat' dir='ltr'><strong>cymba,·</strong></span> <span class='ocrx_word' id='word_1_184' title='bbox 1077 3250 1174 3284; x_wconf 81' lang='lat' dir='ltr'><strong>currere</strong></span> <span class='ocrx_word' id='word_1_185' title='bbox 1188 3231 1254 3286; x_wconf 90' lang='grc' dir='ltr'><strong>Μο-</strong></span> 
     </span>
     <span class='ocr_line' id='line_1_27' title="bbox 206 3309 1266 3380; baseline 0 -16"><span class='ocrx_word' id='word_1_186' title='bbox 206 3312 264 3364; x_wconf 67' lang='grc' dir='ltr'><strong>3αο,</strong></span> <span class='ocrx_word' id='word_1_187' title='bbox 277 3313 328 3364; x_wconf 80' lang='lat' dir='ltr'><strong>Sub</strong></span> <span class='ocrx_word' id='word_1_188' title='bbox 340 3314 403 3364; x_wconf 83' lang='lat' dir='ltr'><strong>duce</strong></span> <span class='ocrx_word' id='word_1_189' title='bbox 417 3329 538 3380; x_wconf 79' lang='lat' dir='ltr'><strong>quamque</strong></span> <span class='ocrx_word' id='word_1_190' title='bbox 549 3328 603 3362; x_wconf 87' lang='lat' dir='ltr'><strong>suo.</strong></span> <span class='ocrx_word' id='word_1_191' title='bbox 621 3310 690 3379; x_wconf 85' lang='lat' dir='ltr'><strong>Sep-</strong></span> <span class='ocrx_word' id='word_1_192' title='bbox 737 3310 788 3363; x_wconf 87' lang='lat' dir='ltr'><strong>reti</strong></span> <span class='ocrx_word' id='word_1_193' title='bbox 801 3320 827 3362; x_wconf 91' lang='lat' dir='ltr'><strong>et</strong></span> <span class='ocrx_word' id='word_1_194' title='bbox 839 3319 892 3362; x_wconf 86' lang='lat' dir='ltr'><strong>tres</strong></span> <span class='ocrx_word' id='word_1_195' title='bbox 904 3309 962 3372; x_wconf 71' lang='lat' dir='ltr'><strong>alii,</strong></span> <span class='ocrx_word' id='word_1_196' title='bbox 976 3309 1021 3361; x_wconf 88' lang='lat' dir='ltr'><strong>sed</strong></span> <span class='ocrx_word' id='word_1_197' title='bbox 1035 3321 1141 3379; x_wconf 85' lang='lat' dir='ltr'><strong>praestat</strong></span> <span class='ocrx_word' id='word_1_198' title='bbox 1153 3313 1266 3375; x_wconf 66' lang='lat' dir='ltr'><strong>ludere,-</strong></span> 
     </span>
     <span class='ocr_line' id='line_1_28' title="bbox 174 3386 1254 3459; baseline -0.002 -15"><span class='ocrx_word' id='word_1_199' title='bbox 174 3402 229 3444; x_wconf 86' lang='lat' dir='ltr'><strong>tem</strong></span> <span class='ocrx_word' id='word_1_200' title='bbox 250 3391 323 3444; x_wconf 88' lang='lat' dir='ltr'><strong>enim</strong></span> <span class='ocrx_word' id='word_1_201' title='bbox 344 3410 418 3459; x_wconf 88' lang='lat' dir='ltr'><strong>reges</strong></span> <span class='ocrx_word' id='word_1_202' title='bbox 437 3402 529 3450; x_wconf 87' lang='lat' dir='ltr'><strong>contra</strong></span> <span class='ocrx_word' id='word_1_203' title='bbox 552 3391 689 3443; x_wconf 83' lang='lat' dir='ltr'><strong>Eteoclcm</strong></span> <span class='ocrx_word' id='word_1_204' title='bbox 738 3388 809 3458; x_wconf 87' lang='lat' dir='ltr'><strong>quod</strong></span> <span class='ocrx_word' id='word_1_205' title='bbox 822 3388 869 3454; x_wconf 87' lang='lat' dir='ltr'><strong>fit,</strong></span> <span class='ocrx_word' id='word_1_206' title='bbox 883 3406 967 3456; x_wconf 90' lang='lat' dir='ltr'><strong>quum</strong></span> <span class='ocrx_word' id='word_1_207' title='bbox 983 3398 1070 3440; x_wconf 84' lang='lat' dir='ltr'><strong>nautae</strong></span> <span class='ocrx_word' id='word_1_208' title='bbox 1085 3407 1134 3457; x_wconf 91' lang='lat' dir='ltr'><strong>per</strong></span> <span class='ocrx_word' id='word_1_209' title='bbox 1149 3386 1254 3459; x_wconf 83' lang='lat' dir='ltr'><strong>otium,</strong></span> 
     </span>
     <span class='ocr_line' id='line_1_29' title="bbox 174 3464 1256 3541; baseline -0.002 -19"><span class='ocrx_word' id='word_1_210' title='bbox 174 3488 224 3538; x_wconf 89' lang='lat' dir='ltr'><strong>pro</strong></span> <span class='ocrx_word' id='word_1_211' title='bbox 240 3469 367 3541; x_wconf 84' lang='lat' dir='ltr'><strong>Polynice</strong></span> <span class='ocrx_word' id='word_1_212' title='bbox 379 3468 579 3537; x_wconf 81' lang='lat' dir='ltr'><strong>conspirarunt,</strong></span> <span class='ocrx_word' id='word_1_213' title='bbox 594 3468 690 3523; x_wconf 88' lang='lat' dir='ltr'><strong>scilieet</strong></span> <span class='ocrx_word' id='word_1_214' title='bbox 739 3465 770 3520; x_wconf 87' lang='lat' dir='ltr'><strong>ad</strong></span> <span class='ocrx_word' id='word_1_215' title='bbox 792 3464 978 3518; x_wconf 85' lang='lat' dir='ltr'><strong>ostentandam</strong></span> <span class='ocrx_word' id='word_1_216' title='bbox 1001 3465 1062 3517; x_wconf 87' lang='lat' dir='ltr'><strong>artis</strong></span> <span class='ocrx_word' id='word_1_217' title='bbox 1082 3465 1206 3533; x_wconf 89' lang='lat' dir='ltr'><strong>peritiam</strong></span> <span class='ocrx_word' id='word_1_218' title='bbox 1226 3468 1256 3527; x_wconf 74' lang='lat' dir='ltr'><strong>et</strong></span> 
     </span>
     <span class='ocr_line' id='line_1_30' title="bbox 175 3536 1255 3617; baseline -0.002 -17"><span class='ocrx_word' id='word_1_219' title='bbox 175 3547 304 3601; x_wconf 87' lang='lat' dir='ltr'><strong>Adrastus</strong></span> <span class='ocrx_word' id='word_1_220' title='bbox 317 3547 478 3616; x_wconf 78' lang='lat' dir='ltr'><strong>Argivorum</strong></span> <span class='ocrx_word' id='word_1_221' title='bbox 487 3565 547 3613; x_wconf 83' lang='lat' dir='ltr'><strong>rex,</strong></span> <span class='ocrx_word' id='word_1_222' title='bbox 561 3546 691 3617; x_wconf 84' lang='lat' dir='ltr'><strong>Amphia—</strong></span> <span class='ocrx_word' id='word_1_223' title='bbox 738 3547 846 3600; x_wconf 78' lang='lat' dir='ltr'><strong>navium</strong></span> <span class='ocrx_word' id='word_1_224' title='bbox 854 3545 1032 3609; x_wconf 83' lang='lat' dir='ltr'><strong>habilitatem,</strong></span> <span class='ocrx_word' id='word_1_225' title='bbox 1046 3544 1150 3597; x_wconf 85' lang='lat' dir='ltr'><strong>ludunt.</strong></span> <span class='ocrx_word' id='word_1_226' title='bbox 1158 3536 1255 3599; x_wconf 76' lang='lat' dir='ltr'><strong>Postea</strong></span> 
     </span>
     <span class='ocr_line' id='line_1_31' title="bbox 176 3622 1294 3702; baseline 0 -23"><span class='ocrx_word' id='word_1_227' title='bbox 176 3647 253 3694; x_wconf 87' lang='lat' dir='ltr'><strong>raus,</strong></span> <span class='ocrx_word' id='word_1_228' title='bbox 263 3627 469 3698; x_wconf 85' lang='lat' dir='ltr'><strong>Hippomedon,</strong></span> <span class='ocrx_word' id='word_1_229' title='bbox 480 3625 629 3697; x_wconf 87' lang='lat' dir='ltr'><strong>Capaneus,</strong></span> <span class='ocrx_word' id='word_1_230' title='bbox 638 3630 691 3702; x_wconf 83' lang='lat' dir='ltr'><strong>Ty·</strong></span> <span class='ocrx_word' id='word_1_231' title='bbox 737 3629 836 3678; x_wconf 73' lang='lat' dir='ltr'><strong>lusorie</strong></span> <span class='ocrx_word' id='word_1_232' title='bbox 849 3643 927 3676; x_wconf 88' lang='lat' dir='ltr'><strong>naves</strong></span> <span class='ocrx_word' id='word_1_233' title='bbox 940 3622 1068 3676; x_wconf 88' lang='lat' dir='ltr'><strong>levissima</strong></span> <span class='ocrx_word' id='word_1_234' title='bbox 1080 3634 1106 3676; x_wconf 88' lang='lat' dir='ltr'><strong>et</strong></span> <span class='ocrx_word' id='word_1_235' title='bbox 1118 3623 1255 3694; x_wconf 81' lang='lat' dir='ltr'><strong>expeditis·</strong></span> <span class='ocrx_word' id='word_1_236' title='bbox 1292 3675 1294 3679; x_wconf 89' lang='lat'>.</span> 
     </span>
     <span class='ocr_line' id='line_1_32' title="bbox 177 3701 1121 3778; baseline -0.01 -15"><span class='ocrx_word' id='word_1_237' title='bbox 177 3705 259 3772; x_wconf 78' lang='lat' dir='ltr'><strong>deus,</strong></span> <span class='ocrx_word' id='word_1_238' title='bbox 271 3706 490 3775; x_wconf 79' lang='lat' dir='ltr'><strong>Parthenopaeus,</strong></span> <span class='ocrx_word' id='word_1_239' title='bbox 502 3716 528 3759; x_wconf 86' lang='lat' dir='ltr'><strong>et</strong></span> <span class='ocrx_word' id='word_1_240' title='bbox 537 3706 689 3778; x_wconf 86' lang='lat' dir='ltr'><strong>Polynices,</strong></span> <span class='ocrx_word' id='word_1_241' title='bbox 739 3705 804 3759; x_wconf 90' lang='lat' dir='ltr'><strong>sima</strong></span> <span class='ocrx_word' id='word_1_242' title='bbox 818 3703 919 3772; x_wconf 87' lang='lat' dir='ltr'><strong>navigia</strong></span> <span class='ocrx_word' id='word_1_243' title='bbox 934 3701 1010 3756; x_wconf 87' lang='lat' dir='ltr'><strong>dicta.</strong></span> <span class='ocrx_word' id='word_1_244' title='bbox 1022 3704 1121 3756; x_wconf 77' lang='lat' dir='ltr'><strong>Buram.</strong></span> 
     </span>
     <span class='ocr_line' id='line_1_33' title="bbox 175 3782 1255 3855; baseline -0.001 -18"><span class='ocrx_word' id='word_1_245' title='bbox 175 3802 226 3853; x_wconf 88' lang='lat' dir='ltr'><strong>pro</strong></span> <span class='ocrx_word' id='word_1_246' title='bbox 237 3784 396 3852; x_wconf 89' lang='lat' dir='ltr'><strong>quobellum</strong></span> <span class='ocrx_word' id='word_1_247' title='bbox 406 3795 508 3855; x_wconf 85' lang='lat' dir='ltr'><strong>gestum</strong></span> <span class='ocrx_word' id='word_1_248' title='bbox 519 3795 570 3849; x_wconf 87' lang='lat' dir='ltr'><strong>est,</strong></span> <span class='ocrx_word' id='word_1_249' title='bbox 585 3785 691 3838; x_wconf 86' lang='lat' dir='ltr'><strong>Adrasti</strong></span> <span class='ocrx_word' id='word_1_250' title='bbox 772 3786 829 3838; x_wconf 80' lang='lat'>331.</span> <span class='ocrx_word' id='word_1_251' title='bbox 844 3783 943 3835; x_wconf 83' lang='lat' dir='ltr'><strong>Forsan</strong></span> <span class='ocrx_word' id='word_1_252' title='bbox 959 3796 985 3835; x_wconf 82' lang='lat' dir='ltr'><strong>et</strong></span> <span class='ocrx_word' id='word_1_253' title='bbox 1002 3786 1050 3836; x_wconf 82' lang='lat' dir='ltr'><strong>boc</strong></span> <span class='ocrx_word' id='word_1_254' title='bbox 1065 3785 1183 3836; x_wconf 83' lang='lat' dir='ltr'><strong>dubilem.</strong></span> <span class='ocrx_word' id='word_1_255' title='bbox 1203 3782 1255 3836; x_wconf 79' lang='lat' dir='ltr'><strong>Alii</strong></span> 
     </span>
     <span class='ocr_line' id='line_1_34' title="bbox 176 3859 1255 3933; baseline 0.004 -23"><span class='ocrx_word' id='word_1_256' title='bbox 176 3859 258 3912; x_wconf 88' lang='lat' dir='ltr'><strong>ductu</strong></span> <span class='ocrx_word' id='word_1_257' title='bbox 270 3873 298 3916; x_wconf 89' lang='lat' dir='ltr'><strong>et</strong></span> <span class='ocrx_word' id='word_1_258' title='bbox 311 3863 436 3932; x_wconf 87' lang='lat' dir='ltr'><strong>auspiciis.</strong></span> <span class='ocrx_word' id='word_1_259' title='bbox 450 3865 482 3917; x_wconf 91' lang='lat' dir='ltr'><strong>ln</strong></span> <span class='ocrx_word' id='word_1_260' title='bbox 495 3863 691 3933; x_wconf 87' lang='lat' dir='ltr'><strong>oppugnatione</strong></span> <span class='ocrx_word' id='word_1_261' title='bbox 739 3866 859 3917; x_wconf 76' lang='lat' dir='ltr'><strong>Forsitan</strong></span> <span class='ocrx_word' id='word_1_262' title='bbox 869 3865 931 3914; x_wconf 80' lang='lat' dir='ltr'><strong>hoc:</strong></span> <span class='ocrx_word' id='word_1_263' title='bbox 944 3862 1020 3931; x_wconf 86' lang='lat' dir='ltr'><strong>prim.</strong></span> <span class='ocrx_word' id='word_1_264' title='bbox 1030 3860 1151 3916; x_wconf 86' lang='lat' dir='ltr'><strong>Vaticon.</strong></span> <span class='ocrx_word' id='word_1_265' title='bbox 1164 3872 1191 3914; x_wconf 88' lang='lat' dir='ltr'><strong>et</strong></span> <span class='ocrx_word' id='word_1_266' title='bbox 1203 3872 1255 3915; x_wconf 89' lang='lat' dir='ltr'><strong>tres</strong></span> 
     </span>
     <span class='ocr_line' id='line_1_35' title="bbox 175 3940 1258 4012; baseline 0.006 -24"><span class='ocrx_word' id='word_1_267' title='bbox 175 3947 266 3990; x_wconf 88' lang='lat' dir='ltr'><strong>autem</strong></span> <span class='ocrx_word' id='word_1_268' title='bbox 286 3940 456 4010; x_wconf 89' lang='lat' dir='ltr'><strong>Thebarum,</strong></span> <span class='ocrx_word' id='word_1_269' title='bbox 480 3941 577 3995; x_wconf 90' lang='lat' dir='ltr'><strong>borum</strong></span> <span class='ocrx_word' id='word_1_270' title='bbox 592 3941 691 3994; x_wconf 90' lang='lat' dir='ltr'><strong>ducum</strong></span> <span class='ocrx_word' id='word_1_271' title='bbox 741 3943 799 4009; x_wconf 86' lang='lat' dir='ltr'><strong>alii,</strong></span> <span class='ocrx_word' id='word_1_272' title='bbox 815 3947 934 3997; x_wconf 69' lang='lat' dir='ltr'><strong>Forsitan</strong></span> <span class='ocrx_word' id='word_1_273' title='bbox 943 3944 1003 3996; x_wconf 81' lang='lat' dir='ltr'><strong>hoec.</strong></span> <span class='ocrx_word' id='word_1_274' title='bbox 1017 3943 1087 4012; x_wconf 89' lang='lat' dir='ltr'><strong>Lege</strong></span> <span class='ocrx_word' id='word_1_275' title='bbox 1097 3944 1218 3996; x_wconf 79' lang='lat' dir='ltr'><strong>Forsitan</strong></span> <span class='ocrx_word' id='word_1_276' title='bbox 1231 3951 1258 3994; x_wconf 80' lang='lat' dir='ltr'><strong>et</strong></span> 
     </span>
     <span class='ocr_line' id='line_1_36' title="bbox 176 4015 1289 4090; baseline 0.007 -22"><span class='ocrx_word' id='word_1_277' title='bbox 176 4015 357 4085; x_wconf 86' lang='lat' dir='ltr'><strong>uuusquisque</strong></span> <span class='ocrx_word' id='word_1_278' title='bbox 366 4030 470 4088; x_wconf 86' lang='lat' dir='ltr'><strong>portam</strong></span> <span class='ocrx_word' id='word_1_279' title='bbox 480 4019 528 4074; x_wconf 89' lang='lat' dir='ltr'><strong>sibi</strong></span> <span class='ocrx_word' id='word_1_280' title='bbox 540 4035 692 4090; x_wconf 72' lang='lat' dir='ltr'><strong>oppugnari·</strong></span> <span class='ocrx_word' id='word_1_281' title='bbox 739 4021 906 4073; x_wconf 69' lang='lat' dir='ltr'><strong>dubitemil.</strong></span> <span class='ocrx_word' id='word_1_282' title='bbox 1252 4079 1255 4087; x_wconf 33' lang='lat' dir='ltr'><em>s</em></span> <span class='ocrx_word' id='word_1_283' title='bbox 1288 4022 1289 4025; x_wconf 63' lang='grc'>’</span> 
     </span>
     <span class='ocr_line' id='line_1_37' title="bbox 178 4092 1254 4169; baseline 0.007 -25"><span class='ocrx_word' id='word_1_284' title='bbox 178 4092 242 4146; x_wconf 89' lang='lat' dir='ltr'><strong>darn</strong></span> <span class='ocrx_word' id='word_1_285' title='bbox 255 4109 390 4150; x_wconf 86' lang='lat' dir='ltr'><strong>sumserat.</strong></span> <span class='ocrx_word' id='word_1_286' title='bbox 674 4137 679 4148; x_wconf 78' lang='grc'><em>,</em></span> <span class='ocrx_word' id='word_1_287' title='bbox 760 4098 1254 4169; x_wconf 74' lang='lat' dir='ltr'><strong>337.Seddetrectareot&#39;et‘ebar.8eptem,</strong></span> 
     </span>
     <span class='ocr_line' id='line_1_38' title="bbox 209 4173 1249 4247; baseline 0.003 -21"><span class='ocrx_word' id='word_1_288' title='bbox 209 4173 267 4226; x_wconf 78' lang='lat'><strong>321.</strong></span> <span class='ocrx_word' id='word_1_289' title='bbox 277 4176 337 4229; x_wconf 79' lang='lat' dir='ltr'><strong>Nou</strong></span> <span class='ocrx_word' id='word_1_290' title='bbox 347 4180 417 4231; x_wconf 79' lang='lat' dir='ltr'><strong>mibi.</strong></span> <span class='ocrx_word' id='word_1_291' title='bbox 424 4181 478 4233; x_wconf 81' lang='lat' dir='ltr'><strong>Nec</strong></span> <span class='ocrx_word' id='word_1_292' title='bbox 487 4177 617 4232; x_wconf 85' lang='lat' dir='ltr'><strong>meliores.</strong></span> <span class='ocrx_word' id='word_1_293' title='bbox 625 4176 662 4231; x_wconf 91' lang='lat' dir='ltr'><strong>H.</strong></span> <span class='ocrx_word' id='word_1_294' title='bbox 742 4187 786 4230; x_wconf 83' lang='lat' dir='ltr'><strong>aut</strong></span> <span class='ocrx_word' id='word_1_295' title='bbox 793 4187 852 4232; x_wconf 91' lang='lat' dir='ltr'><strong>octo</strong></span> <span class='ocrx_word' id='word_1_296' title='bbox 860 4187 961 4231; x_wconf 83' lang='lat' dir='ltr'><strong>veteres</strong></span> <span class='ocrx_word' id='word_1_297' title='bbox 966 4181 1086 4230; x_wconf 75' lang='lat' dir='ltr'><strong>delirare:</strong></span> <span class='ocrx_word' id='word_1_298' title='bbox 1093 4177 1171 4247; x_wconf 87' lang='lat' dir='ltr'><strong>prim.</strong></span> <span class='ocrx_word' id='word_1_299' title='bbox 1179 4176 1249 4230; x_wconf 86' lang='lat' dir='ltr'><strong>Polit</strong></span> 
     </span>
    </p>
   </div>
   <div class='ocr_carea' id='block_1_5' title="bbox 0 0 1331 4816">
    <p class='ocr_par' dir='ltr' id='par_1_5' title="bbox 0 0 1331 4816">
     <span class='ocr_line' id='line_1_39' title="bbox 0 0 1331 4816; baseline 0 0"><span class='ocrx_word' id='word_1_300' title='bbox 0 0 1331 4816; x_wconf 95' lang='lat' dir='ltr'><strong> </strong></span> 
     </span>
    </p>
   </div>
  </div>
 </body>
</html>
