2624 4816
123 398 189 480 242
405 402 445 466 P.
476 402 653 469 0v1o11
686 401 920 472 nnsortrs

123 537 181 612 Nil
197 538 280 611 mibi
296 537 456 614 debuerat
469 569 544 615 cum
562 542 712 616 versibus
730 542 872 645 amplius
890 572 977 634 esse;

173 653 238 727 Sed
256 652 404 749 fugerem
420 654 538 727 merito
555 655 733 751 naufragus
752 687 847 733 omne
863 659 995 734 fretum.
1157 681 1183 732 ⁵0

122 776 170 847 At
185 790 285 872 puto,
305 771 333 844 si
353 771 487 845 demens
503 772 650 847 studium
665 772 762 847 fatale
779 793 960 867 retentem,

171 886 237 958 Hic
255 885 336 958 mihi
353 885 516 985 praebebit
533 887 686 962 carminis
702 917 791 962 arma
806 887 920 964 locus:

121 1008 199 1079 Non
215 1003 300 1077 liber
315 1004 370 1079 hic
387 1002 491 1091 ullus,
509 1033 579 1077 uon
595 1006 654 1105 qui
671 1006 753 1079 mihi
772 1007 959 1082 commodet
975 1037 1103 1097 aurem,

170 1120 347 1220 Verbaque
367 1120 555 1215 significent
572 1121 653 1222 quid
670 1151 744 1197 mea
760 1123 866 1212 norit,
883 1124 988 1199 adest.

124 1237 245 1313 Omnia
263 1238 425 1311 barbariae
442 1236 514 1313 loca
530 1255 627 1325 sunt,
644 1239 801 1339 vocisque
818 1239 949 1331 ferina,
1152 1259 1178 1312 55

170 1355 293 1430 Omnia
309 1373 387 1430 sunt
405 1355 512 1430 Getici
528 1353 626 1456 plena
645 1357 762 1430 timore
781 1357 877 1431 soni:

120 1472 197 1570 lpse
213 1469 295 1541 mihi
311 1468 426 1542 videor
440 1470 507 1567 jam
525 1467 720 1542 dedidicisse
737 1470 875 1556 Latine;

168 1587 244 1659 Jam
262 1584 361 1658 didici
378 1583 482 1680 getice
503 1585 740 1685 sarmaticeque
756 1585 862 1687 loqui.

118 1702 188 1775 Nec
206 1717 331 1785 tamen,
351 1715 391 1770 ut
409 1726 520 1768 verum
538 1696 642 1769 fatear
659 1698 740 1786 tibi,
758 1718 871 1774 nostra
886 1699 991 1774 teneri

166 1817 198 1888 A
215 1812 447 1913 componendo
464 1812 607 1885 carmine
621 1814 721 1885 Musa
738 1830 859 1913 potest.
1144 1834 1172 1887 60

118 1928 319 2011 Scribimus,
338 1943 370 1998 et
386 1925 528 2026 scriptos
545 1925 748 1998 absumimus
765 1926 841 2020 igne
861 1924 1009 2000 libellos:

167 2040 287 2114 Exitus
304 2057 352 2112 est
368 2038 473 2112 studii
488 2068 587 2139 parva
603 2038 714 2113 favilla
730 2040 803 2112 mei.

117 2162 186 2234 Nee
205 2184 361 2259 possum,
379 2174 412 2229 et
428 2157 527 2256 cupio
546 2185 614 2228 non
632 2156 720 2228 ullos
737 2156 855 2229 ducere
871 2183 1005 2230 versus:

167 2273 311 2347 Ponitur
327 2272 450 2347 idcirco
466 2290 579 2346 noster
593 2273 629 2344 in
646 2273 723 2365 igne
742 2269 857 2358 labor3

118 2391 187 2460 Nec
205 2387 270 2461 nisi
287 2415 383 2487 pars,
403 2415 480 2460 casu
498 2385 636 2460 flammis
653 2402 782 2485 erepta,
801 2384 935 2472 dolove,
1140 2400 1165 2454 65

166 2504 222 2578 Ad
239 2533 297 2578 vos
316 2503 440 2599 ingenii
455 2503 605 2603 pervenit
618 2501 686 2575 ulla
700 2503 774 2575 mei.

119 2624 174 2696 sic
192 2622 337 2709 utinam,
357 2648 429 2720 quae
446 2617 493 2691 nil
512 2635 713 2691 metuentem
731 2617 795 2690 tale
812 2617 1008 2711 magistrum

166 2739 333 2826 Perdidit,
354 2738 390 2809 in
407 2736 530 2810 cineres
547 2739 612 2808 Ars
626 2763 697 2808 mea
713 2763 803 2808 versa
821 2734 932 2807 soret!

152 2914 191 2983 49.
198 2914 429 2964 Mlmr'didebebal.
438 2912 567 2962 Deducta!
573 2927 629 2959 me·
676 2909 813 2960 Sarmatici
829 2911 893 2958 sonr'.
911 2905 973 2957 Hoc
988 2922 1091 2973 quoque
1105 2896 1160 2954 didi·

118 2990 196 3043 liores
206 3009 211 3042 :
222 2999 248 3041 et
259 3008 318 3040 mox
326 3008 373 3056 pro
386 2989 438 3040 Sed
438 2988 569 3055 sugerem,
582 3006 629 3038 ve·
675 2986 745 3039 chon
759 2987 786 3038 in
795 2984 920 3054 suspectis
928 2995 975 3039 est.
986 2985 1023 3037 H.

120 3077 188 3120 teres
197 3066 313 3134 plerique
323 3066 482 3133 Sr'sugerem‚
497 3066 538 3117 vel
548 3067 628 3130 Quum
711 3068 750 3118 58.
759 3068 825 3118 Nam
832 3069 918 3117 drilr'ci.
926 3067 988 3117 lam
997 3059 1162 3134 prisceetitio
1206 3100 1208 3133 ;

110 3145 557 3213 sugerem.H.-N1'lm1'dr'debuera!.
564 3145 628 3195 Pru·
677 3163 724 3195 nes
732 3154 758 3195 et
770 3143 858 3212 scripti
870 3161 927 3195 non
939 3144 1015 3211 pauci
1025 3164 1031 3207 ;
1040 3136 1163 3197 rectiusfl·

120 3224 207 3278 dentis
219 3224 290 3275 eninr
303 3242 357 3274 non
370 3233 409 3274 cst
416 3263 423 3289 ‚
438 3221 508 3274 adid
519 3221 605 3273 redire
618 3260 625 3287 ,
710 3226 749 3293 59.
760 3224 947 3274 Nostralenen‘.
955 3223 1049 3277 levari
1057 3212 1162 3276 attert’ol·
1205 3172 1208 3267 i

119 3299 190 3354 unde
212 3299 403 3353 detrimentum
425 3298 559 3367 acceperit.
675 3308 702 3349 et
714 3296 790 3349 multi
802 3296 844 3349 alii
861 3316 867 3348 :
881 3308 933 3349 tres
945 3317 1039 3351 vacare
1052 3319 1060 3350 .·
1072 3306 1162 3367 quatuor

150 3382 191 3433 31.
210 3379 325 3431 Studium
335 3379 429 3444 fatale.
444 3377 471 3430 Si
493 3376 626 3444 regrediar
673 3379 766 3428 revelli.
778 3373 823 3426 Nil
835 3385 935 3427 temere
947 3387 1059 3429 mutem.
1068 3377 1102 3430 H.
1205 3396 1208 3447 ff

119 3458 153 3512 ad
162 3456 280 3510 studium
291 3474 396 3520 meum,
413 3454 482 3523 quod
494 3453 558 3505 mihi
571 3453 625 3505 sato
707 3456 747 3506 62.
760 3457 855 3506 Exitus
864 3465 906 3506 est
915 3450 1163 3524 studrt'parrasau'lla

117 3534 233 3605 quodam
241 3532 341 3595 nocuit,
350 3532 482 3583 inveniam
492 3550 625 3584 armacar-
673 3539 729 3584 mei.
741 3537 774 3586 Tb
780 3552 860 3599 parra
872 3551 927 3584 non
936 3533 1021 3602 placet
1031 3555 1038 3589 ι
1048 3553 1081 3588 an
1091 3530 1162 3587 solid

116 3612 184 3667 mini
199 3612 303 3665 idonea.
318 3612 349 3665 P.
361 3637 395 3649 -
411 3612 549 3663 delentem.
566 3610 624 3662 Re·
671 3610 833 3675 atrajarr'lla
843 3611 913 3661 meis.
923 3609 968 3662 Sic
978 3610 1090 3664 Metam.
1100 3600 1162 3665 Xfflv

114 3701 212 3762 petam.
313 3732 315 3743 .
671 3686 914 3753 504‚Atrafurilla
924 3689 1163 3742 vorren-Paua

150 3769 623 3823 55.0mniabartarioelocasuneear-
664 3765 769 3830 farr'lla.
791 3765 890 3816 Parvus
909 3765 995 3833 ignis,
1016 3777 1043 3819 et
1059 3764 1118 3819 cinit
1132 3760 1163 3811 δῖ

116 3851 203 3900 barr'ca
214 3850 291 3917 prim.
299 3845 377 3899 Polit.
386 3845 455 3913 Lege
467 3848 604 3897 barbarica
616 3864 622 3896 :
669 3842 771 3896 fructus
781 3842 860 3894 studii
873 3846 935 3897 mei.

117 3944 213 3994 nempe
234 3927 321 3981 vocis:
339 3924 459 3995 sequenti
477 3944 552 3977 versu
573 3943 622 3992 pro
702 3916 1161 3990 63.Necp0ssum,etcupio.Distiehm
1204 3912 1208 3933 ¹

115 4007 201 4056 omnia
212 4015 272 4057 sunt
280 4008 377 4071 Getici,
389 4001 506 4072 plerique
519 4013 621 4055 veteres
670 4002 821 4067 inficetum,
835 4021 885 4054 nec
898 4004 1071 4073 Nasonianae,
1082 4004 1102 4056 si
1111 3988 1159 4068 quid

111 4081 548 4150 omniaquoepossuut,velpossint,·
557 4099 620 4133 nam
669 4082 763 4146 video,
777 4100 860 4134 venae.
874 4080 912 4132 H.

110 4165 192 4232 {edric
209 4160 328 4232 sequitur
341 4160 402 4219 :atii
415 4164 555 4227 barbarici,
577 4153 618 4215 vei
700 4160 741 4228 67.
752 4163 911 4230 Magistrum.
922 4160 972 4216 Me
984 4160 1115 4218 Ovidium.
