2624 4816
293 413 1029 529 rursrrumsru.111.suso.x.
1131 441 1190 507 135
1270 382 1275 393 ⁵

173 567 313 643 Fluctus
331 568 366 642 in
387 569 530 643 obsesso*
542 571 672 666 gurgite
688 571 802 646 nullus
817 575 889 647 erit.

123 681 331 784 Inclusaeque
348 683 423 779 gelu
440 685 595 773 stabunt,
615 704 653 760 ut
668 716 847 775 marmore,
864 717 1013 792 puppes:

173 800 243 873 Nec
257 801 385 900 poterit
400 800 522 895 rigidas
537 800 660 875 findere
676 830 784 876 remus
801 832 914 905 aquas.

124 914 281 987 Vidimus
297 914 332 987 iu
351 912 453 1010 glacie
469 916 577 1016 pisces
592 917 713 990 haerere
728 915 886 1013 ligat0s3·

174 1033 221 1103 Et
237 1059 314 1131 pars
332 1059 370 1104 er
388 1029 454 1105 illis
472 1049 541 1105 tum
560 1062 692 1134 quoque
710 1033 781 1107 viva
795 1034 868 1108 snit.

125 1145 202 1218 Sive
218 1145 322 1241 igitur
337 1147 432 1221 nimii
449 1149 564 1221 Boreae
578 1148 629 1222 vis
646 1176 726 1222 saeva
744 1151 909 1244 marinas,

173 1261 250 1334 Sive
265 1261 464 1336 redundatas
478 1262 615 1337 flumine
632 1266 722 1360 cogit
738 1294 862 1366 aquas;

123 1380 299 1469 Protinus,
317 1397 445 1480 aquato
464 1380 561 1455 siccis
576 1381 806 1482 Aquilonibus
822 1386 924 1470 lstro,

172 1495 345 1570 Invehitur
359 1495 456 1569 celeri
466 1497 629 1570 barbarus
643 1498 750 1572 hostis
767 1528 873 1599 equo:

125 1609 244 1682 Hostis
263 1635 349 1709 equo
365 1609 515 1710 pollens,
533 1609 698 1712 longeque
716 1613 845 1687 volante
861 1614 998 1710 sagitta,

174 1725 326 1800 Vicinam
343 1725 408 1799 late
425 1727 645 1829 depopulatur
660 1731 808 1803 humum.

127 1841 321 1938 Diffugiunt
336 1843 411 1931 alii;
428 1843 595 1945 nullisque
612 1846 784 1919 tuentibus
801 1873 913 1940 agros,

175 1961 390 2034 Incustoditae
405 1960 607 2062 diripiuntur
624 1989 703 2063 opes
716 1991 725 2050 3

129 2076 230 2151 Ruris
248 2105 328 2177 opes
344 2105 451 2177 parva
467 2106 587 2177 pecus,
606 2096 639 2152 et
656 2077 825 2152 stridentia
841 2076 1007 2178 plaustrac

175 2196 222 2266 Et
239 2222 321 2294 quas
339 2193 470 2268 divitias
489 2193 595 2266 incola
612 2223 737 2295 pauper
749 2195 859 2268 babet.

130 2309 208 2383 Pars
225 2307 335 2403 agitur
349 2307 466 2383 vinctis
484 2326 561 2410 post
577 2327 705 2403 tergum
722 2327 815 2408 capta
832 2307 977 2395 lacertis,

175 2425 371 2524 Respiciens
387 2425 510 2499 lrustra
526 2454 603 2499 rura
616 2428 798 2525 Laremque
817 2455 930 2499 suum:

131 2538 210 2614 Pars
227 2540 316 2614 cadit
330 2540 470 2612 hamatis
488 2541 604 2613 misere
622 2540 747 2613 conlisa
763 2535 911 2636 sagittiss

173 2659 262 2730 Nam
280 2654 408 2728 volueri
424 2655 512 2727 ferro
531 2655 656 2728 tinctile
672 2656 762 2730 virus
779 2657 874 2730 inest.

131 2773 212 2869 Quae
226 2787 397 2870 nequeunt
415 2799 524 2843 secum
540 2771 624 2843 serre
638 2789 697 2844 aut
712 2771 889 2857 abducere,
905 2770 1069 2872 perdunt3
1156 2789 1190 2840 65

174 2890 222 2960 Et
239 2902 361 2959 cremat
377 2886 525 2959 insontes
541 2885 668 2960 hostica
684 2886 813 2959 flamma
830 2914 929 2958 casas.

99 3014 101 3029 '
126 3001 214 3077 Tum
233 3029 385 3102 qnoque,
405 3031 507 3101 quum
523 3031 586 3102 pax
603 3021 671 3090 est,
688 3001 855 3103 trepidant
871 3000 1046 3074 formidine
1062 2998 1158 3088 belli,

154 3126 246 3209 ,Nec
263 3120 437 3221 quisquam
454 3148 568 3220 presso
585 3146 715 3195 vumere
732 3117 836 3193 sulcat
851 3117 998 3193 humum.

120 3242 198 3313 Aut
210 3237 318 3325 videt,
332 3253 389 3311 ant
400 3237 518 3309 metuit
531 3234 623 3309 locus
638 3237 709 3324 bic,
725 3262 821 3335 quem
837 3263 906 3307 non
920 3233 1026 3322 videt,
1041 3233 1187 3308 hostem:

119 3424 139 3453 oe
150 3406 220 3459 Tres
234 3402 325 3455 imbris
336 3402 398 3455 torti
409 3400 509 3468 radios,
520 3412 571 3455 tres
582 3421 632 3454 nn·
681 3412 720 3455 tas
727 3399 982 3469 arbitrordesignare
994 3397 1130 3451 Ovidium.
1138 3395 1187 3449 Pli-

115 3479 164 3538 bis
176 3501 282 3553 aquosa·
295 3481 475 3548 Addiderunt,
495 3482 566 3534 rutili
582 3491 634 3534 tres
682 3478 741 3532 nius
750 3479 821 3530 enim
834 3477 952 3530 tib.t111
963 3476 1073 3543 ,scribit,
1081 3472 1189 3544 Scythas

115 3557 208 3630 ignis,
221 3569 249 3611 et
260 3557 326 3611 alitis
337 3557 437 3610 Austri.
449 3579 462 3603 a
683 3558 814 3624 equitatus
830 3567 857 3610 et
875 3574 1002 3624 equorum
1019 3552 1100 3623 gloria
1116 3561 1187 3603 stre·
1261 3590 1264 3597 .

158 3641 200 3707 47.
212 3638 250 3689 [lt
258 3653 386 3688 marmore.
399 3635 522 3704 Plerique
536 3646 636 3691 veteres
685 3655 756 3704 pere.

115 3719 301 3772 stuporum
310 3735 439 3768 marmore.
453 3718 538 3769 Versu
547 3717 635 3786 proxi·
715 3719 756 3782 57,
772 3716 903 3782 Nullisque
918 3714 1051 3765 tuentibus.
1066 3708 1098 3760 ln
1108 3705 1190 3776 Epist.

118 3810 182 3862 rno,
195 3797 346 3865 profudere
355 3812 442 3853 remus,
456 3793 635 3861 slrr'rgereduo
683 3792 809 3861 Penelop.
822 3791 853 3843 ad
866 3790 952 3862 Ulyss.
964 3809 1000 3840 vs.
1013 3789 1061 3858 89:
1079 3807 1091 3830 τι
1105 3785 1188 3853 Inque

121 3884 230 3927 veteres
242 3891 299 3924 non
314 3871 396 3934 male;
408 3870 519 3924 totidem
520 3875 618 3941 fingere
623 3889 633 3937 ,·
684 3881 728 3922 tua
743 3880 869 3938 regnant,
882 3866 960 3920 nullis
971 3863 1182 3934 prohibentibus,

125 3953 371 4018 quatuorpendcre,·
383 3948 451 4000 forte
464 3954 636 4018 profundet&
684 3948 756 4000 arrla:
769 3948 875 4000 Viscera
895 3954 1004 4009 nostra,
1024 3952 1076 3996 rue
1094 3940 1190 3994 dilace-

121 4032 215 4094 sorem
227 4029 398 4085 Combianus.
410 4029 510 4083 Hrttres.
684 4036 778 4078 rantur
790 4044 881 4093 opes.»

166 4112 203 4160 5ο.
212 4111 262 4162 Sed
262 4129 326 4176 pars
331 4128 364 4161 ex
371 4111 432 4160 illis.
441 4108 520 4177 Lege,
530 4111 567 4162 Et
567 4127 638 4175 pars.
719 4105 760 4156 61.
771 4106 835 4155 Pars
841 4105 926 4168 agitur
933 4104 1033 4152 vinctis.
1047 4100 1111 4152 Pars
1118 4107 1192 4166 capta

168 4186 205 4236 55.
217 4178 487 4255 Hosrr'seqro‘polleus.
499 4183 638 4238 Sauroma·
685 4182 809 4248 vincitur,
822 4191 849 4236 st
859 4179 1050 4234 inservientem
1060 4178 1192 4247 abripitur.
