2624 4816
122 398 182 466 ιφ
398 374 438 439 r.
466 373 644 444 ovrnn
668 372 923 444 rasurus·

113 514 272 588 Protinus
286 511 466 587 excolimur
481 513 603 602 teneri,
624 541 766 614 curaque
784 515 953 614 parentis,
1127 532 1146 584 ιε

161 632 253 703 Imus
269 628 311 703 ad
327 628 473 723 insignes
489 629 583 703 urbis
600 628 641 703 ab
658 647 727 702 arte
744 629 844 704 viros.

112 744 229 818 Frater
243 743 283 818 ad
300 742 470 844 eloquium
486 745 582 818 viridi
601 745 759 819 tendebat
774 743 817 817 ab
834 773 921 835 aevo,

161 859 275 932 Fortia
290 859 422 933 verbosi
440 878 538 935 natus
553 861 597 933 ad
612 888 701 934 arma
717 859 793 933 sori.

111 974 159 1046 At
174 973 255 1046 mihi
268 974 335 1072 jam
350 1003 454 1075 puero
473 975 612 1051 calestia
627 1003 716 1050 sacra
732 973 926 1075 placebant,

160 1093 267 1191 Inque
285 1119 382 1166 suum
399 1093 513 1167 furtim
531 1095 629 1167 Musa
646 1092 799 1166 trahebat
816 1078 914 1192 opus.
1124 1122 1146 1157 ao
1197 1108 1200 1183 t

113 1207 206 1307 Saepe
223 1225 317 1307 pater
334 1208 417 1282 dixit
433 1210 602 1283 :studium
619 1209 701 1307 quid
717 1207 834 1282 inutile
851 1209 983 1282 tentas?
1198 1210 1200 1217 ’

162 1323 345 1397 Maeonides
363 1324 472 1396 nullas
488 1322 559 1422 ipse
575 1322 711 1421 reliquit
727 1351 816 1423 opes.

113 1443 233 1515 Motus
249 1469 336 1513 eram
353 1439 467 1526 dictis,
488 1450 626 1539 totoque
642 1439 803 1515 Helicone
820 1440 956 1527 relicto,

163 1556 313 1631 Scribere
330 1555 475 1629 conabar
490 1555 589 1628 verba
608 1553 717 1628 soluta
731 1552 877 1628 modist.
905 1588 909 1597 ·

114 1671 241 1770 Sponte
259 1697 318 1742 sna
334 1696 464 1742 carmen
480 1696 635 1741 numeros
652 1667 804 1741 veniebat
817 1667 860 1739 ad
874 1684 987 1768 aptos,
1125 1678 1147 1731 2⁵

165 1786 227 1872 Et,
246 1782 334 1883 quod
355 1782 520 1857 tentabam
534 1783 660 1869 dicere,
679 1809 792 1856 versus
808 1799 887 1855 erat

115 1901 261 1985 Interea,
279 1897 379 1971 tacito
396 1926 497 1998 passu
514 1896 705 1972 labentibus
721 1899 835 1985 annis,

163 2016 317 2089 Liberior
332 2017 425 2090 fratri
441 2034 548 2090 sumta
565 2016 715 2117 mihique
732 2034 809 2112 toga
825 2033 891 2103 est;
948 2030 952 2035 '

21 2139 25 2147 '
115 2132 336 2231 Induiturque
356 2132 502 2206 humeris
520 2160 595 2206 cum
612 2131 680 2205 lato
697 2160 845 2232 purpura
861 2131 952 2205 claro
966 2160 975 2220 3

164 2253 209 2323 Et
225 2251 373 2325 studium
388 2252 506 2339 nobis,
527 2250 620 2351 quod
635 2250 700 2322 luit
718 2267 813 2339 ante,
829 2267 948 2323 manet.
1128 2260 1152 2315 3⁰

115 2369 255 2470 Jamque
273 2369 384 2442 decem
400 2367 472 2442 vitae
488 2368 588 2442 frater
603 2368 820 2464 geminaverat
838 2396 962 2457 annos,

166 2486 281 2582 Quum
298 2484 405 2585 perit,
427 2501 461 2557 et
477 2483 561 2583 coepi
578 2500 670 2582 parte
688 2510 795 2556 carere
811 2483 885 2555 mei.

152 2641 189 2694 16.
202 2640 244 2693 Ab
253 2648 307 2692 arbe
317 2645 391 2693 viros.
400 2637 519 2707 lusignes
530 2637 562 2690 ab
570 2648 625 2690 arte
706 2638 745 2690 28.
757 2639 872 2690 Liberior
882 2644 950 2705 boga.
962 2636 1062 2705 Togam
1076 2628 1155 2687 violer

117 2719 212 2788 accipio
223 2737 281 2783 eos,
295 2717 339 2787 qui
352 2717 449 2769 artibus
461 2716 626 2784 quibuscum·
674 2712 801 2782 designat,
811 2732 890 2781 quam
898 2712 998 2765 nobiles
1006 2711 1156 2764 adolescente

119 2815 169 2864 que
183 2794 323 2860 docendis,
338 2794 450 2864 insignes
464 2813 494 2847 ac
511 2794 625 2848 celebres
674 2793 743 2862 apud
761 2793 895 2845 Romanos
913 2791 1052 2845 sumebant
1067 2790 1093 2843 in
1106 2786 1156 2840 toto

118 2884 176 2925 turn
187 2873 270 2927 fuere.
284 2874 388 2926 M1crn.
673 2869 761 2923 Liberi
772 2871 864 2939 patris,
881 2870 910 2922 ib
920 2868 1034 2924 Kalend.
1045 2861 1158 2938 Apritde

153 2953 191 3004 18.
207 2955 293 3004 bbrtia
312 2958 417 3006 verbosi.
438 2953 527 3006 Fortia
546 2952 625 3006 verba
673 2950 755 3018 posita
767 2958 897 3017 praetella·

117 3038 205 3095 vocat,
215 3039 351 3081 oratorum
360 3030 507 3095 orationes,
518 3039 626 3098 propter
706 3047 746 3098 aq.
753 3028 912 3094 Induiburqne
919 3029 1034 3080 humeris.
1043 3027 1087 3081 Pr.
1093 3020 1159 3077 Vatic-

117 3125 248 3159 summam
257 3105 413 3174 eloquentiae
422 3107 476 3157 vi'm
486 3125 559 3173 ,quae
568 3106 626 3157 ani·
674 3106 782 3158 Junian.
795 3117 821 3159 et
833 3105 887 3158 duo
899 3105 941 3157 alii
953 3126 1016 3160 cum
1027 3107 1110 3176 priscis
1117 3098 1162 3156 edi·

117 3203 176 3236 mos
189 3201 241 3251 quo
252 3183 308 3235 vult
319 3184 439 3250 adducit,
451 3194 478 3236 et
488 3183 559 3235 unde
570 3182 625 3235 vult
674 3184 801 3251 tionibus,
813 3188 926 3238 humeros
936 3201 945 3248 ,·
957 3186 1028 3253 quod
1038 3185 1101 3240 mibi
1109 3179 1161 3237 rell·

120 3259 233 3314 deducit.
676 3261 748 3329 gioni
759 3260 812 3313 fuit
823 3279 878 3313 non
890 3280 1000 3315 movere
1011 3283 1017 3317 ι
1027 3264 1063 3317 sic
1074 3273 1100 3315 et
1109 3259 1162 3313 Met·

154 3335 524 3409 19.caelestiasacra.Poestn
541 3335 625 3388 intel·
674 3339 730 3405 lx,
741 3358 777 3391 vs.
793 3341 854 3403 158,
872 3339 899 3390 in
916 3339 1051 3394 nonnullis
1066 3335 1163 3407 scriptis:

119 3417 182 3487 ligit.
196 3415 274 3467 lttrn.
281 3441 314 3452 -
321 3414 365 3465 An
375 3417 514 3467 Permessia
525 3415 625 3466 sacra?
675 3436 688 3461 «
699 3415 873 3484 induiturque
883 3415 1008 3470 humeros
1019 3408 1166 3471 Lemeaev‘r

120 3495 170 3547 tale
184 3492 247 3563 quid
259 3492 329 3544 latet.
342 3491 380 3543 H.
674 3513 718 3547 rus
725 3493 873 3547 Echidnae.»
881 3494 1167 3563 H.-Cumla!opum!⁸

152 3592 193 3625 20.
202 3573 279 3639 Inque
290 3567 463 3636 sunmstrrlr'm.
474 3568 545 3635 Quia
552 3577 626 3636 pater
673 3575 754 3624 claro.
763 3572 829 3624 Lato
836 3572 909 3625 clavo
918 3573 1061 3625 utebantur
1071 3583 1097 3624 et
1104 3564 1167 3626 noll·

120 3650 178 3705 fieri
189 3669 232 3702 me
243 3658 350 3718 poetam
362 3646 468 3699 nolebat
480 3666 486 3698 :
499 3647 586 3714 itaque
596 3665 626 3697 eo
673 3649 749 3702 liores
762 3661 788 3702 et
797 3660 945 3714 senatores,
957 3649 1002 3718 qui
1015 3649 1047 3702 ab
1058 3668 1091 3701 eo
1100 3645 1167 3699 bari-

11 3735 18 3757 ·
119 3728 201 3783 inscio
210 3727 359 3780 iactitabam
371 3722 517 3777 versiculos.
530 3725 560 3776 P.
674 3731 743 3779 clari
748 3726 951 3796 adpellabantur.
963 3725 1079 3781 Martini.
1090 3725 1128 3779 lib.
1138 3716 1168 3782 Vr

152 3827 194 3859 υ.
205 3808 352 3859 Moeom'des.
364 3804 507 3857 Homerus.
676 3807 765 3876 Epigr.
773 3823 883 3874 xv11,vs.
893 3807 957 3875 3sq:
969 3829 982 3853 «ι
992 3807 1067 3860 Dum
1075 3813 1169 3875 sepone

154 3885 194 3937 ab.
212 3889 266 3952 Er,
287 3888 355 3954 quod
370 3887 497 3938 tentabam
513 3885 627 3936 scribere.
675 3904 771 3954 negas,
786 3885 836 3937 nisi
848 3884 913 3951 lato,
927 3882 1028 3951 Gellia,
1040 3880 1170 3938 clavoltu·

121 3961 229 4017 Rectius
241 3964 348 4033 plurimi
360 3982 391 4017 ex
402 3960 514 4029 antiquis
528 3964 627 4027 dicere,
675 3965 753 4028 bere;
766 3965 890 4033 nupsisti,
905 3963 1005 4030 Gellia,
1016 3963 1155 4018 cistifero.»

120 4058 183 4092 nam
195 4045 301 4094 scribere
311 4042 446 4111 praecessit.
459 4040 494 4093 H.
506 4068 539 4079 -
557 4041 633 4106 Quod
708 4043 748 4094 31.
764 4044 871 4109 Jamque
885 4045 968 4094 decem
985 4052 1034 4096 etc.
1053 4042 1114 4095 Jam
1126 4054 1170 4091 an*

120 4123 233 4183 conabar
242 4120 323 4176 Bern.
337 4122 431 4178 melius
444 4130 572 4176 nostrum.
676 4138 743 4174 num
753 4119 908 4190 vigesimum
921 4120 1103 4188 compleverat.
1117 4117 1143 4170 P·
