2624 4816
129 612 402 722 eursu
446 553 696 719 ovum
732 608 1061 717 uusouls

344 861 825 998 TRISTIUM

271 1149 482 1236 LIBER
521 1147 914 1235 SECUNDUS.

471 1343 711 1370 *-

346 1563 585 1699 niuem
619 1564 847 1663 umes..

382 1909 806 1979 ARGUMENTUM..

60 2083 188 2135 Precatur
198 2078 349 2148 Augustum
360 2077 487 2144 Ovidius,
506 2089 552 2146 ut,
563 2078 650 2133 sinon
661 2077 779 2133 reditum
789 2076 869 2146 velit,
881 2077 971 2132 mitius
986 2086 1076 2132 {amen
1095 2098 1126 2131 ac

92 2164 173 2218 tutius
183 2162 301 2217 exsilium
311 2162 453 2227 concedat;
465 2162 578 2233 dicitque
589 2183 616 2217 sc
627 2174 746 2230 rentare,
757 2163 779 2217 si
792 2162 861 2217 forte
874 2163 1004 2229 earmina,
1017 2180 1075 2231 quae
1089 2160 1126 2215 illi

91 2259 170 2302 antea
180 2265 295 2300 nocuere
303 2286 312 2316 ,
320 2265 392 2300 nunc
404 2247 504 2317 possint
517 2247 627 2301 salutem
638 2246 751 2300 reddere
762 2265 769 2300 z
783 2244 1007 2316 quemadmodum
1017 2244 1126 2299 Achillis

91 2333 181 2400 hasta,
197 2351 255 2402 que
268 2331 418 2402 Telephum
434 2344 461 2388 et
473 2331 621 2386 vulneravit
634 2342 661 2386 et
677 2332 784 2386 sanarit,
794 2331 888 2402 Longo
902 2332 984 2402 igitur
996 2342 1023 2385 et
1035 2330 1125 2386 artifi-

91 2416 161 2471 cioso
179 2416 296 2471 carmine
315 2427 425 2470 conatur
445 2415 578 2485 Caesarem
597 2417 716 2486 placare,
735 2415 876 2470 ostendens
892 2435 919 2469 se
936 2415 1020 2469 muita
1042 2414 1123 2467 deco

90 2499 236 2569 smipsisse3
249 2509 440 2568 enumeratque
451 2509 540 2568 poetas
550 2498 612 2552 aiios
624 2495 853 2567 quamplurimos,
866 2497 911 2567 qui
919 2515 1058 2567 nunquam
1069 2492 1121 2547 ulla

88 2582 163 2639 clade
176 2585 273 2640 adfecti
282 2596 361 2652 sunt,
374 2585 492 2654 quamvis
502 2583 652 2652 mordacia,
664 2594 710 2638 aut
721 2583 806 2653 turpia
817 2593 939 2653 poemata
950 2581 1088 2637 ediderint.

58 2769 190 2898 Qun>
206 2800 288 2875 mm
304 2801 477 2877 vobiscum
494 2820 562 2891 est,
577 2800 693 2876 ussus
710 2829 805 2891 cura,
823 2799 948 2892 issu,

82 3000 85 3005 ,
103 2920 243 3016 Ingenio
260 2919 345 3021 perii
361 2920 419 3021 qui
436 2921 536 2994 miser
550 2919 623 3021 ipse
639 2921 742 2993 meo?

55 3036 141 3123 Cur,
158 3034 261 3108 modo
279 3034 465 3125 damnatas,
484 3052 614 3137 repeto,
633 3063 704 3108 mea
720 3034 871 3123 crimina,
891 3036 1034 3110 Musas?

103 3149 157 3245 An
173 3147 273 3222 semel
291 3166 342 3224 est
357 3177 488 3250 poenam
504 3149 735 3228 commeruisse
752 3154 896 3251 parum?

58 3266 211 3340 Carmina
226 3266 390 3356 fecerunt,
408 3286 446 3342 ut
463 3296 516 3341 me
531 3295 731 3363 cognoscere
747 3265 869 3342 vellent

106 3381 227 3456 Omine
243 3411 314 3456 non
325 3380 436 3456 fausto
452 3381 575 3456 femina
591 3382 723 3487 virque,
741 3412 830 3458 mea:

56 3495 386 3586 comissimus,
404 3517 443 3573 ut
458 3528 510 3572 me
526 3528 700 3600 moresque
716 3517 846 3575 notaret

102 3613 177 3685 Jam
192 3610 325 3685 demum
340 3612 409 3686 visa
424 3612 534 3686 Caesar
548 3612 590 3685 ab
607 3614 690 3687 Arte
705 3642 806 3689 meos.

88 3779 109 3829 5.
128 3778 280 3846 Coffnoscere
291 3782 373 3832 vellet.
389 3781 486 3834 Vellent
496 3797 560 3831 me·
608 3776 678 3831 chon
689 3776 753 3844 hoc,
761 3796 797 3831 ne
808 3776 872 3846 quid
883 3773 1059 3843 dissimulem,
1072 3795 1118 3847 ge-

60 3850 146 3918 iiores;
165 3855 215 3908 nisi
232 3853 304 3925 quod
320 3853 348 3907 in
364 3855 561 3926 Hamburgensi
609 3855 699 3910 nuinae
707 3866 779 3911 notar
787 3875 843 3909 non
854 3874 908 3909 esse
918 3853 1119 3924 haheopersua·

62 3934 145 3998 mlles3
162 3934 278 4002 quinque
291 3932 334 3986 alii
341 3942 453 4000 possent.
466 3934 561 3987 Proxi-
607 3950 675 3987 sum.
688 3934 789 3989 Hune.

63 4023 235 4080 unversupro
241 4029 297 4064 meo
304 4011 488 4080 reponendum
494 4030 561 4079 mem
643 4015 667 4068 8.
685 4016 840 4082 Iampridem
856 4017 945 4070 invisa.
963 4016 1118 4084 Iampridem

65 4086 170 4144 videlicet
180 4091 313 4146 carmina:
325 4102 403 4162 atque
414 4093 450 4147 ita
462 4094 562 4148 Putea·
609 4096 668 4148 osia
677 4092 755 4146 multi
764 4102 865 4146 veteres
875 4111 883 4157 3
898 4102 1011 4162 quatuor
1024 4093 1119 4147 melio·

66 4180 120 4222 fleus
129 4169 224 4239 codem
241 4169 384 4229 Patavium
394 4191 461 4228 nee.
472 4171 562 4248 Disii-¹
609 4175 725 4236 resJasn
733 4175 831 4227 &mum
844 4177 918 4241 vim
934 4174 1005 4245 quod
1015 4190 1118 4243 sequor.
