2624 4816
189 379 259 444 nx
283 378 467 444 rouro
491 379 591 445 uro.
618 379 686 445 1v.
711 379 876 447 uersu.
903 386 931 449 1.
1021 385 1089 479 4¹9

99 516 126 587 it
143 515 250 588 mihi?
266 516 355 615 quod
371 516 467 603 lecit,
486 518 627 616 quisque
645 535 756 590 tuetur
775 548 868 619 opus.

99 633 203 704 Venus
220 629 352 704 artificis
370 629 464 704 labor
481 649 531 704 est
545 649 578 704 et
596 631 701 726 gloria
718 634 799 721 Coi,

99 747 243 845 lquoreo
259 748 404 821 madidas
421 776 493 848 quae
508 748 628 848 premit
644 747 751 820 imbre
772 777 903 823 comas:
1055 777 1087 826 30

99 865 121 937 is
136 882 176 936 ut
192 867 309 937 Actaeae
325 863 374 936 vel
392 865 531 950 eburna,
550 862 601 936 vel
618 891 704 937 aenea
723 883 834 938 custos

99 977 197 1052 'ellica
215 979 371 1052 Phidiaca
389 997 454 1053 stat
471 981 540 1053 Dea
557 979 640 1052 lacta
657 1009 779 1070 manu;

102 1097 188 1170 dicat
204 1115 242 1171 ut
259 1097 402 1171 Calamis
416 1096 565 1184 laudem,
585 1127 672 1197 quos
689 1098 780 1184 lecit,
801 1126 978 1200 equorum;

99 1218 123 1286 lt
139 1215 256 1289 similis
271 1245 353 1290 verae
369 1244 464 1289 vacca
482 1215 634 1314 Myronis
649 1245 753 1316 opus3

100 1358 163 1423 ego
179 1359 257 1430 pars
274 1359 384 1404 rerum
401 1359 471 1403 non
488 1329 619 1417 ultima,
636 1331 749 1418 Sexte,
768 1349 917 1421 tuarum,
1062 1356 1095 1409 35

99 1447 268 1548 'utelaeque
283 1447 372 1521 feror
387 1477 510 1523 munus
527 1478 677 1552 opusque
693 1467 766 1522 tuae.

109 1621 265 1689 Quodfinxi!
274 1625 376 1689 quisque
386 1629 473 1673 tuetur.
484 1622 535 1675 Re·
584 1641 627 1689 va,
644 1622 743 1675 arcium
757 1631 843 1675 custos
855 1632 882 1674 et
890 1640 991 1690 preses.
1001 1651 1034 1664 ·-
1045 1626 1095 1679 Vel

99 1696 136 1749 let
146 1709 222 1767 poeta
230 1718 257 1752 se
264 1698 292 1751 in
301 1717 333 1750 eo
341 1698 401 1752 ideo
409 1718 483 1767 spem
491 1700 535 1752 ha·
583 1720 648 1752 area
663 1708 755 1753 custos.
767 1703 849 1753 AEnea
866 1701 954 1770 scripti
970 1702 1093 1773 potiores.

99 1776 175 1843 ‚quia
186 1787 224 1829 est
232 1795 297 1846 opus
307 1777 400 1844 ipsius:
414 1789 440 1830 et
452 1796 536 1830 uuus·
618 1777 657 1828 32.
674 1778 738 1829 stac
758 1777 818 1830 Non
834 1777 922 1844 sedet,
944 1778 989 1831 sed
1007 1792 1093 1834 erecta

99 1873 138 1920 pre
155 1873 220 1922 opus
234 1854 304 1922 quod
315 1855 391 1916 lecit,
406 1856 475 1907 tueri
487 1875 535 1908 so-
584 1855 1093 1923 etstanspositafuit.-)llauuPd1'diaca.

99 1937 148 1998 lure
157 1933 264 2000 quidem
278 1934 409 1987 sententia
419 1934 452 1986 de
468 1933 536 1986 Ari·
584 1933 670 1985 Manu
682 1933 783 1985 Phidiae
791 1933 975 2000 Atheniensis,
989 1935 1033 2003 qui
1045 1935 1092 1987 tlo-

99 2010 123 2062 lis
142 2011 235 2064 Etbica
253 2012 373 2064 sumitur.
396 2039 429 2051 ·-
446 2012 536 2064 Nostri
584 2010 637 2062 ruit
649 2010 795 2081 olympiade
808 2012 963 2081 octogesima
982 2011 1092 2080 quarta,

99 2108 127 2141 es
140 2089 237 2143 habent
247 2090 385 2158 quodficit
393 2095 502 2158 quisque.
584 2090 687 2144 circiter
703 2093 889 2144 tercentesimo
902 2093 1031 2147 Romane
1044 2112 1091 2147 ur-

108 2167 225 2236 Artzficis
239 2172 293 2222 Coi.
301 2169 414 2240 Apellis,
428 2168 478 2222 Coi
491 2170 536 2238 pi·
585 2169 623 2223 bis
635 2188 713 2223 anno.

99 2244 285 2299 aceleberrimi.
617 2247 657 2299 33.
686 2249 812 2300 Veridico!
829 2257 857 2299 u!
872 2249 993 2300 Calamis.
1012 2247 1093 2301 Cala·

121 2324 281 2389 Quoepremr't
292 2344 385 2378 comas.
397 2323 466 2392 Quae
484 2342 533 2377 ca·
583 2326 632 2377 mis
645 2324 685 2378 sui
701 2324 826 2393 temporis
841 2325 960 2394 egregius
979 2327 1092 2381 artilex:

108 2419 229 2467 premere
237 2403 377 2456 videbatur
386 2442 393 2469 ,
402 2414 429 2457 et
438 2421 534 2473 aquam
581 2402 642 2457 secie
656 2402 728 2469 enim
739 2400 876 2472 quadrigas
888 2402 1000 2455 maxime
1016 2404 1090 2456 cele-

99 2497 181 2531 mere.
192 2508 225 2520 -
241 2484 365 2535 Madidas
373 2487 458 2536 ztnbre.
471 2483 534 2535 Ma·
581 2482 640 2535 bres
650 2480 698 2545 ;de
708 2500 761 2551 quo
770 2478 871 2534 Plinius
884 2480 951 2533 libro
960 2481 1091 2547 XXXIV,

101 2567 141 2608 tos
151 2558 254 2625 capillos
264 2580 330 2628 aqua
343 2560 453 2628 aequoris
463 2601 470 2626 ,
481 2580 534 2613 un·
582 2561 664 2628 capite
678 2563 707 2623 8,
720 2558 764 2612 ubi
775 2557 886 2628 legenda
902 2568 964 2611 sunt
981 2558 1091 2611 humani

99 2633 534 2707 debaturemergere.Emarieninr
582 2638 681 2709 ingenii
700 2635 841 2703 miracula,
863 2634 957 2706 quibus
971 2636 1093 2690 inclaruit

99 2731 115 2763 n
130 2714 266 2767 Venerem
279 2717 429 2770 fabulantur
440 2727 533 2785 poetae,
583 2719 743 2786 Graeciailla,
751 2717 872 2771 omnium
880 2717 976 2769 artium
985 2736 1090 2784 parens,

99 2810 129 2842 eo
146 2812 205 2847 eam
219 2795 319 2848 Plinius
336 2796 534 2866 Anadyomcoen
583 2800 656 2867 cujus
668 2797 806 2850 infandam
823 2806 921 2848 sortem
938 2812 1019 2863 nemo
1032 2794 1091 2848 satis

100 2888 143 2922 am
155 2871 233 2926 fuisse
246 2875 343 2928 scribit.
582 2896 655 2930 nunc
666 2877 755 2945 lugere
768 2884 862 2943 potest.

116 2950 231 3007 Arcisut
241 2956 341 3007 Actoeae.
350 2952 456 3011 Phidias
467 2971 535 3020 prae-
616 2956 656 3021 34.
678 2955 714 3006 Is!
723 2957 815 3006 similo
826 2970 897 3004 vera.
911 2950 952 3003 De
971 2950 1088 3022 Myrone

99 3051 173 3085 ovem
183 3031 332 3096 ,lecitetex
341 3033 421 3085 ebore
430 3034 535 3086 Miner·
584 3049 614 3083 ac
625 3031 682 3097 ejus
698 3048 774 3083 vacca
788 3026 868 3081 etiam
881 3024 983 3080 Plinius
997 3026 1093 3079 scribit.

99 3111 226 3176 Athenis,
237 3121 264 3165 et
275 3130 305 3162 ex
314 3131 364 3166 aere
372 3123 427 3164 tam
434 3112 535 3167 eximiae
583 3137 615 3148 ·-
626 3109 722 3160 Similis
733 3126 804 3159 vere.
815 3103 914 3158 Similis
924 3123 1007 3158 vaccae
1018 3103 1092 3156 vivae.

99 3189 241 3255 mitudinis,
253 3200 308 3241 uta
330 3188 415 3243 forma
432 3211 536 3261 cogno·
616 3188 656 3242 35.
665 3188 707 3239 Sr'c
715 3204 821 3254 egotam
832 3202 919 3235 rerum.
929 3182 1020 3235 Scribe
1028 3199 1090 3235 curn

100 3267 236 3335 acceperit.
248 3265 290 3318 De
303 3267 396 3334 quibus
407 3268 449 3322 hic
457 3279 535 3337 poeta
584 3265 661 3320 Polit.
673 3262 761 3318 codice
774 3274 801 3316 et
808 3263 912 3332 Fragm.
924 3261 1043 3314 Vaticau.
1051 3261 1094 3311 Sic

99 3345 155 3418 igit.
164 3345 226 3398 Fuit
233 3346 293 3398 etin
301 3365 359 3399 arce
367 3347 534 3400 Athenarum
583 3364 629 3412 ego
637 3363 700 3412 pars
712 3362 790 3395 rerum
800 3358 809 3406 ;
819 3341 930 3411 Metam.
940 3339 1011 3405 Vll,
1025 3341 1072 3391 522
1086 3356 1092 3389 :

99 3441 157 3476 ervae
168 3423 351 3487 simulacrum,
362 3424 454 3492 dequo
464 3424 535 3477 sama
585 3422 648 3475 «Et
663 3431 743 3491 quota
761 3439 820 3488 pars
832 3417 868 3471 illi
883 3434 974 3470 rerum
992 3414 1093 3484 periere

99 3502 172 3569 buit,
192 3501 262 3570 quod
278 3502 310 3554 de
323 3500 386 3555 caelo
404 3501 535 3555 ceciderit.
584 3519 723 3564 mearum3
742 3521 755 3547 o
769 3499 817 3552 nisi
829 3498 910 3551 mavis
922 3514 984 3550 cum
1002 3494 1092 3547 Aron-

99 3580 260 3633 rcisActaeoe.
270 3579 350 3632 Arcis·
359 3579 534 3632 Athenarum.
585 3578 707 3646 deliano,
720 3599 733 3623 «
748 3576 792 3631 sic
801 3595 850 3645 ego
862 3592 920 3628 sum
931 3590 1021 3626 rerum
1034 3587 1093 3639 pars

99 3667 162 3713 cstos
173 3662 273 3714 bellica.
286 3658 344 3712 Dea
356 3658 416 3712 belli
429 3657 535 3712 Miner·
583 3675 639 3709 non
654 3666 773 3710 extrema
785 3665 899 3706 tuarum.
908 3671 921 3696 o
935 3650 971 3702 H.

442 3890 678 3912 *azau-vu...
