2624 4816
120 377 182 443 188
397 378 437 445 P.
466 378 644 448 OVIDII
667 380 898 454 NASONIS

113 514 170 588 Nil
186 514 233 587 ita
249 512 390 590 sublime
408 536 477 607 cst,
492 546 657 621 supraque
675 521 820 623 pericula
836 525 961 616 tendit,

163 635 241 706 Non
258 633 303 706 sit
320 652 357 708 ut
374 635 510 712 inferius
526 639 804 742 subpositumque
821 643 902 717 Deo.

115 749 200 821 Nam
221 777 417 850 quamquam
435 752 517 827 vitio
536 782 613 854 pars
631 772 680 830 est
696 774 865 831 contracta
880 757 1071 852 malorum,

164 865 245 940 Plus
264 884 371 941 tamen
388 868 479 942 exitii
494 872 640 945 numinis
657 873 705 945 ira
722 873 823 948 dedit.
1018 916 1021 920 ⁴
1047 924 1052 933 ·
1148 898 1177 952 50

116 979 164 1052 At
180 1008 239 1053 vos
256 981 418 1057 admoniti
434 986 559 1059 nostris
577 1016 711 1087 quoque
725 989 858 1065 casibus
871 1007 939 1066 este
949 1014 962 1083 ,'
1039 1020 1043 1027 ·

167 1095 368 1195 AEqnantem
385 1099 532 1200 Superos
549 1101 724 1179 emeruisse
742 1105 859 1178 virum

150 1270 189 1323 50.
202 1272 265 1324 Plus
271 1279 354 1325 tamen
361 1277 440 1326 exitii.
448 1272 628 1326 Ostenditnu·
674 1295 733 1328 mea
745 1294 813 1328 noxa
821 1276 989 1331 commeruit.
997 1277 1178 1334 P.-1³tasta-

118 1364 181 1398 men
194 1347 221 1399 in
231 1367 263 1400 eo
271 1367 346 1402 suam
355 1351 408 1402 vim
420 1361 447 1403 et
456 1361 626 1419 potestatem,
674 1372 729 1406 uren
747 1358 825 1407 exitii.
845 1353 939 1407 Malim
955 1359 1057 1419 exitam
1078 1356 1134 1426 plus
1148 1354 1177 1410 acl

119 1424 190 1491 quod
209 1445 250 1477 me
267 1446 343 1494 supra
364 1428 489 1481 meritum
504 1430 625 1498 punivit,
675 1430 782 1483 exitium
794 1432 913 1485 contulit.
926 1433 963 1485 H.
980 1460 1014 1472 -
1028 1433 1084 1489 sed
1094 1452 1176 1489 omues

118 1513 147 1557 et
154 1515 282 1573 quantum
290 1507 421 1572 collibuit;
435 1527 489 1562 non
498 1519 628 1577 quantum
674 1514 752 1562 esitii
759 1519 870 1564 tuentur
881 1510 971 1581 scripti
983 1522 1010 1566 et
1022 1506 1095 1569 editi.

123 1694 1174 1733 m

480 1834 716 1920 ELEGIA
744 1837 823 1922 IX.

455 2208 851 2280 ARGUMENTUM.

152 2373 262 2425 Inimico
277 2372 394 2427 minatur
406 2385 498 2442 poeta,
510 2393 538 2428 se
550 2374 578 2427 in
591 2390 654 2426 eum
665 2372 836 2441 scripturum,
848 2369 902 2421 nia
915 2367 1037 2425 conmciis
1047 2367 1149 2423 doiss-

126 2528 176 2632 Sl
191 2554 286 2644 lieet,
306 2573 338 2628 et
355 2555 633 2657 pateris,'nomen
650 2554 842 2653 facinusque
860 2552 996 2641 tacebo,

173 2674 219 2746 Et
236 2690 293 2745 tua
308 2673 450 2746 Letbaeis
468 2690 540 2745 acta
558 2672 726 2746 dabuntur
743 2668 838 2769 aquis
852 2697 861 2756 ;

125 2788 315 2888 Nosbraque
328 2789 477 2861 vincetur
489 2785 641 2888 lacrymis
659 2784 832 2857 clementia
848 2782 949 2856 seris:

175 2903 238 2973 Fac
254 2902 372 2991 modo,
391 2921 424 2977 te
440 2920 552 3004 pateat
570 2899 764 3003 poenituisse
781 2898 850 2985 tui3

126 3020 190 3093 Fac
205 3019 306 3092 modo
326 3036 358 3093 te
373 3019 523 3108 damnes,
540 3020 718 3121 cupiasque
737 3016 868 3091 eradere
883 3014 957 3088 vitae
1162 3023 1174 3075 ⁵

175 3135 359 3234 Tempora,
378 3135 406 3208 si
423 3134 554 3235 possis,
572 3135 784 3234 Tisiphonea
801 3150 874 3206 tuae.

129 3248 188 3323 Sin
202 3249 327 3339 minus,
343 3268 375 3325 ct
390 3250 530 3346 flagrant
545 3250 624 3323 odio
642 3269 698 3323 tua
714 3265 847 3350 pectora
862 3261 1001 3333 nostro,

162 3450 186 3514 4.
199 3447 351 3499 Panasion
362 3449 406 3496 tui.
417 3443 571 3498 Poenituisse
581 3445 638 3514 ejus
681 3449 796 3516 phonoea.
804 3444 865 3498 Hoc
874 3453 926 3509 est,
939 3441 1019 3494 facte
1032 3438 1182 3527 damnemur*

131 3523 200 3594 quod
211 3524 237 3577 in
249 3541 292 3575 me
304 3520 394 3575 fecisti.
406 3520 518 3574 Mum—
524 3523 640 3576 Poenitet
686 3525 774 3594 cupias
791 3543 822 3575 ex
837 3521 890 3574 vita
907 3530 951 3572 tua
968 3516 1122 3582 eradicare,
1139 3529 1184 3601 srqe

130 3603 244 3672 aliquem
255 3600 310 3667 sui,
324 3617 406 3669 quum
417 3600 523 3653 consilia
533 3613 560 3656 et
572 3602 639 3656 facta
687 3601 805 3671 penitus,
817 3600 838 3652 si
850 3597 929 3650 modo
939 3595 1020 3665 possis
1030 3633 1037 3660 ,
1047 3592 1152 3684 tqllere,
1162 3585 1185 3640 ul

131 3697 176 3732 sua
188 3679 312 3745 damnat,
328 3672 427 3746 sibique
440 3675 564 3747 displicet.
576 3681 606 3733 P.
689 3677 760 3748 quod
769 3686 807 3731 est
816 3676 972 3746 Tisiphones
983 3691 1135 3742 proprium,
1144 3668 1188 3758 boc

164 3758 188 3810 fi.
204 3761 324 3827 Tempora
333 3760 499 3824 Tisiphonea.
507 3759 640 3828 Tempora
689 3769 745 3823 est,
759 3755 884 3809 invidiam
901 3751 1060 3808 custodium
1076 3745 1188 3839 noceub·

131 3835 274 3906 flagitiosa,
294 3836 397 3889 furialia
414 3845 440 3888 ct
457 3837 596 3902 nocentia,
611 3835 640 3888 id
689 3837 743 3889 Vel
755 3856 761 3888 τ
775 3834 863 3903 cupias
876 3831 984 3886 eradere
995 3840 1117 3898 tempora
1127 3826 1190 3880 Tm·

133 3912 279 3981 est,cupias
286 3934 342 3968 non
350 3914 468 3967 dieimeo
476 3933 551 3967 versu
558 3952 566 3981 ,
573 3932 640 3967 sem·
689 3915 800 3985 pbonaea
810 3912 870 3964 rite
881 3921 933 3964 tuae
941 3948 949 3973 ,
957 3927 1020 3977 pro,
1028 3902 1191 3961 studembo

132 4007 181 4060 per
191 3987 292 4059 flagitiis
302 4011 409 4062 operam
420 3991 538 4058 dedisse,
551 4001 578 4044 et
588 4010 641 4045 no-
689 3992 760 4057 lere,
773 4002 799 4045 et
808 3988 905 4043 exvitae
916 3996 969 4041 ωε
980 3987 1058 4040 rebus
1071 3986 1134 4072 actis
1145 3978 1192 4036 tol·

132 4065 268 4132 eruissem}
276 4068 418 4140 Tisiphone
426 4071 503 4125 furia.
513 4070 641 4123 leb-cu·
691 4069 761 4133 lere,
783 4087 813 4120 ea
836 4085 894 4134 quae
911 4064 1035 4121 scelerate
1056 4055 1190 4132 abquanfffl

126 4150 235 4215 piasque
246 4150 346 4203 eradere
358 4153 416 4204 vite
433 4152 554 4218 Tempora
567 4148 635 4204 Tisi-
690 4144 781 4203 fecisti.
797 4143 902 4199 Mrem
