2624 4816
266 396 334 464 ax
360 396 539 466 nonno
562 397 659 464 Lm.
685 396 739 463 11.
766 362 931 466 amsa}
955 402 1037 468 111.
1116 401 1180 470 aaa

163 535 299 609 Erroris
317 536 411 608 venia
427 564 524 636 posse
541 535 640 611 latere
658 536 769 625 vides;

117 649 271 753 Respicis
289 653 463 754 antiquum
479 653 581 754 lapsis
596 653 630 726 iu
648 654 749 728 rebus
765 653 925 743 amicum,

165 770 401 870 Fomentisque
415 771 507 869 juvas
525 768 658 843 vulnera
674 787 788 843 nostra
808 771 883 844 tuis.

118 881 184 955 Pro
205 883 329 981 quibus
347 883 484 982 optandi
500 884 527 956 si
545 884 644 957 nobis
661 882 754 983 copia
772 882 846 970 fiat,
1149 902 1185 975 95
1239 905 1242 914 '

163 998 249 1069 Tam
267 997 351 1070 bene
370 997 549 1098 promerito
568 996 738 1072 commoda
755 994 844 1069 mille
861 1022 984 1096 precer.

118 1112 184 1185 Sed
202 1113 231 1185 si
246 1110 317 1186 sola
333 1112 416 1185 mihi
433 1111 553 1185 dentur
570 1130 625 1186 tua
638 1128 734 1199 vota,
751 1103 928 1212 precabor,

165 1231 215 1301 Ut
230 1228 292 1301 tibi
309 1229 371 1316 sit,
392 1227 481 1303 salvo
498 1229 642 1317 Caesare,
661 1226 748 1302 salva
764 1255 893 1328 parens.

119 1345 202 1418 Haec
219 1372 297 1440 ego,
316 1374 417 1444 quum
435 1346 557 1419 laceres
576 1340 691 1418 altaria
704 1343 843 1445 pinguia
861 1361 953 1431 ture,

164 1461 215 1531 Te
233 1460 370 1535 solitum
387 1461 520 1535 memini
536 1462 642 1562 prima
659 1489 775 1556 rogare
793 1461 893 1534 Deos.
1142 1497 1188 1533 too

114 1614 208 1670 Nihilo
220 1616 334 1680 felicium
344 1636 408 1671 nam
421 1620 539 1685 Respicis
552 1623 627 1671 anti·
707 1620 748 1688 94*
771 1619 886 1670 Vulnera.
906 1618 1014 1669 Pectora
1028 1614 1152 1689 Leidens.¹
1160 1628 1188 1670 et

113 1714 191 1765 quum
204 1701 325 1756 ama'cm.
335 1696 406 1764 qood
418 1697 446 1748 in
455 1695 563 1766 vulgatis
572 1707 626 1763 est,
677 1709 790 1766 quatuor
802 1697 845 1750 alii
858 1718 864 1750 :
877 1697 959 1750 nostri
972 1700 1082 1750 vulnera.

114 1772 230 1826 minime
248 1771 378 1826 sollicitari
398 1772 483 1826 debet.
503 1776 629 1842 Antiquos
710 1782 751 1848 95.
765 1779 933 1844 Optandc‘etc.
945 1775 1067 1845 Eligendi
1077 1797 1125 1846 pro
1136 1780 1187 1834 tuis

114 1855 216 1904 amicas
234 1851 305 1903 enim
325 1849 412 1915 idem,
431 1850 474 1918 qui
493 1860 624 1914 etvetus,
677 1852 832 1907 commodis.

115 1927 225 1996 optimis
232 1927 399 1997 scriptoribus
408 1926 502 1981 dicitur
512 1929 562 1982 :sic
569 1947 630 1997 pro·
709 1933 750 2004 96.
764 1935 899 1985 Commoda
910 1935 978 1986 mille
985 1950 1081 1999 precor.
1096 1933 1185 1986 Scribe

116 2005 189 2060 xima
197 2003 289 2074 Elegia
299 2007 335 2070 V,
347 2025 383 2058 vs.
394 2005 433 2058 38.
442 2033 475 2044 -
488 2008 551 2058 Hac
561 2007 628 2074 rast-
673 2030 766 2080 precer,
779 2011 880 2066 Heius.

115 2106 184 2140 rens.
199 2086 265 2141 Hoc
284 2084 363 2155 igitur
379 2084 467 2140 animo
486 2096 532 2139 tuo
547 2085 630 2155 subji-
711 2091 903 2161 97.Sedsisnla
910 2094 1114 2147 midtdentnrtua
1120 2101 1186 2144 vota.

117 2164 205 2229 ciens,
218 2174 357 2232 tecumque
370 2175 500 2233 reputans,
512 2164 600 2217 Pont-
679 2166 731 2220 Sed
744 2168 764 2220 si
777 2168 862 2220 tolum
871 2169 935 2221 mibi
948 2169 1055 2223 daretur
1065 2168 1186 2239 optandae

150 2241 193 2312 93.
205 2241 300 2308 lapsis
310 2247 338 2293 in
347 2245 426 2294 rebus.
437 2242 528 2294 lassis
541 2242 630 2294 melio-
678 2245 751 2314 copia
764 2247 821 2313 ejus
832 2247 869 2298 rei
882 2265 961 2315 quam
972 2246 1052 2315 cupis.

118 2338 161 2374 rea
169 2317 629 2373 omnesboclocozvideNotasTciat.
714 2325 935 2390 100.Haecpr1'ma.
949 2322 1067 2390 Scilicet,
1080 2333 1109 2376 ut
1121 2333 1187 2375 esset

118 2397 162 2452 lib.
173 2399 204 2466 Ι,
217 2397 290 2468 Eleg.
301 2413 372 2465 vm,
383 2418 419 2452 va.
427 2400 467 2453 35.
479 2397 515 2451 H.
679 2418 773 2468 parens
784 2401 853 2453 salva
864 2420 925 2454 cum
940 2401 1049 2455 enare.

122 2567 1183 2603 mm

448 2707 758 2799 EPISTOLA
788 2709 863 2792 IV.

535 3031 769 3104 ATTICO.

476 3298 834 3364 ARGUMENTUM.

120 3456 212 3516 Attico
230 3466 347 3510 veterem
367 3454 527 3520 amicitiam,
545 3456 653 3525 ejusque
673 3455 774 3509 fructus
791 3455 862 3508 ultro
886 3428 1010 3523 citroque·
1022 3456 1188 3529 jucundiores

152 3548 347 3595 commemorat
365 3558 371 3591 z
392 3537 485 3607 quibus
497 3537 580 3590 scetus
599 3537 659 3590 dicit
674 3537 721 3590 sibi
738 3554 887 3606 persuasum
901 3558 970 3604 esse,
986 3538 1059 3591 illum
1073 3541 1189 3608 quamvis

154 3621 310 3687 absentem,
331 3619 416 3673 adbuc
427 3621 455 3672 in
466 3617 519 3672 fide
531 3637 688 3688 permanere
702 3637 709 3671 :
721 3618 792 3688 quod
804 3629 835 3672 nt
846 3618 937 3683 faciat,
956 3619 1093 3674 bortatur..

124 3771 301 3877 ACCIPE
317 3797 519 3900 colloquium
536 3800 644 3895 gelido
661 3802 806 3875 Nasonis
824 3802 866 3875 ab
883 3760 985 3910 Istro,

173 3917 303 4005 Attice,
318 3917 442 4015 judicio
458 3946 528 3989 non
545 3917 725 3992 dubitande
741 3946 827 3991 meo.
970 3916 972 3920 ⁴

161 4093 182 4126 a.
195 4075 300 4128 Judt'cio
314 4093 365 4126 non
375 4077 488 4126 dubitate
498 4093 560 4126 meo.
572 4077 633 4128 Dn—
684 4070 802 4125 bendum
812 4088 872 4124 cum
884 4068 969 4136 primo
978 4068 1100 4124 Mediceo
1110 4080 1139 4124 et
1146 4092 1190 4127 sex

127 4150 220 4206 batam
234 4151 351 4222 plerique
360 4172 367 4213 ;
377 4150 423 4204 sed
432 4153 568 4205 dubitande
576 4151 638 4204 scri·
685 4147 1191 4205 atita.tt-Doctissimusauctorfflecc
