2624 4816
129 376 195 441 256

387 376 436 439 .P.
475 375 656 443 OVIDII
685 375 917 447 NASONIS

127 512 206 587 Vidi
224 539 287 605 ego
305 510 451 606 linigerae
469 542 593 587 numen
611 516 750 591 violasse
766 517 925 593 latentem

173 628 291 715 Isidis,
310 628 434 703 Isiacos
451 647 526 705 ante
545 631 656 706 sedere
671 633 805 709 socos:'

125 742 242 833 Alter,
259 743 304 817 ob
325 745 403 818 huic
421 745 562 823 similem
576 749 725 849 privatus
742 749 868 824 lumine
884 750 1033 855 culpam,

175 862 349 937 Clamabat
369 864 490 952 media,
509 896 543 942 se
560 868 737 957 meruisse,
753 869 816 943 via.
842 946 846 951 ,

123 978 217 1052 Talia
233 979 377 1053 caelestes
394 980 464 1055 lieri
482 985 647 1083 praeconia
664 986 827 1081 gaudent,
1143 1012 1166 1063 tt

172 1094 240 1179 Ut,
257 1122 317 1167 sua
335 1095 416 1194 quid
434 1096 563 1171 valeant
580 1100 734 1187 numina,
754 1117 836 1174 teste
854 1103 1010 1201 probent.

124 1208 218 1310 Saepe
235 1208 344 1283 levant
362 1240 494 1312 poenas,
515 1233 693 1316 ereptaque
710 1216 834 1290 lumina
851 1218 1011 1307 reddunt,

173 1330 289 1423 Quum
305 1327 392 1399 bene
407 1330 532 1428 peccati
550 1332 747 1430 poenituisse
761 1334 884 1407 vident.

123 1442 270 1516 Poenitet
288 1445 328 1516 o!
347 1445 375 1516 si
392 1446 474 1545 quid
491 1446 687 1523 miserorum
703 1449 850 1524 creditur
866 1450 941 1541 ulli,

172 1556 336 1645 Poenitet,
356 1574 390 1630 et
406 1558 495 1631 lacto
513 1577 673 1662 torqueor
688 1556 874 1665 ipse'meol
1141 1584 1166 1637 ὃν

123 1674 306 1775 Quumque
322 1675 368 1747 sit
386 1674 557 1768 exsilium,
574 1680 681 1776 magis
696 1701 748 1757 est
764 1684 848 1757 mibi
865 1683 963 1785 culpa
980 1682 1102 1773 dolori;

170 1792 300 1892 Estque
311 1793 383 1894 pati
399 1822 531 1895 poenas,
550 1826 649 1898 quam
664 1801 839 1890 meruisse,
857 1805 978 1878 minus.

121 1912 169 1983 Ut
187 1910 269 1983 mibi
288 1912 332 1983 Di
348 1908 496 1999 faveant,
516 1914 640 2014 quibus
658 1935 709 1990 cst
728 1919 936 1994 manifestior
951 1920 1042 2023 ipse,

169 2029 272 2101 Poena
289 2044 404 2129 potest
420 2028 523 2118 demi,
543 2031 642 2133 culpa
659 2034 814 2134 perennis
829 2037 902 2110 erit.

118 2207 174 2263 tus,
184 2214 241 2249 non
252 2206 355 2249 recurat
366 2205 456 2249 tamen
471 2216 485 2248 a
497 2198 573 2251 nobis
584 2199 634 2253 coli

118 2282 210 2327 nostro
223 2272 351 2328 carmine.

151 2358 193 2411 51.
204 2354 329 2423 linigera
339 2356 428 2407 Μὴ.
442 2353 509 2408 Haec
521 2374 583 2408 vera
594 2355 635 2408 Ie-

117 2434 186 2503 ctio,
198 2434 328 2505 quidquid
340 2436 504 2489 membranae
519 2437 591 2489 inter
605 2457 633 2490 se

117 2526 247 2586 pugnant
254 2514 633 2585 H.-Isidiscujussacerdotes

116 2593 172 2647 lino
183 2594 247 2648 teeti
259 2613 331 2647 sacra
340 2593 405 2647 Deae
416 2593 592 2648 celebrabant.

151 2680 191 2728 52.
202 2676 292 2727 Sedere
302 2685 362 2727 aule
366 2675 446 2742 socos
458 2676 568 2728 Isiacos.
579 2674 630 2728 Se·

116 2750 179 2804 dere
192 2761 253 2803 ante
266 2751 357 2803 altaria
370 2749 460 2816 Isidis,
473 2750 497 2804 ei
507 2750 633 2804 sacrifica·

116 2839 225 2893 turum,
244 2838 416 2897 posteaquam
426 2840 485 2897 post
494 2830 632 2898 preniten-

115 2907 181 2960 tiam
195 2904 254 2959 Dea
270 2905 368 2975 placata
381 2907 418 2960 illi
432 2909 537 2961 veniam
551 2907 632 2962 dedit.

150 2984 191 3037 53.
207 2986 289 3037 Alter.
306 2983 412 3039 Scilicet
430 2987 526 3040 Isiacos
540 3006 632 3040 sacer-

115 3061 172 3117 dos.
191 3092 225 3103 -
242 3066 361 3116 Pneatus
383 3070 483 3119 lumine.
509 3067 630 3120 Privatus

115 3142 198 3197 ocutis
215 3152 343 3211 tanquam
363 3147 493 3215 periurus.
516 3147 630 3214 Quoties

115 3218 190 3273 enim
211 3240 259 3288 per
279 3220 378 3273 Isidem
404 3223 522 3291 jurantes
547 3222 629 3275 fidem

113 3316 172 3350 non
187 3296 345 3363 servabant,
366 3300 528 3367 putabantur
545 3320 559 3351 a
572 3299 630 3351 Dea

112 3377 170 3429 visu
182 3375 287 3446 privari.
299 3374 422 3430 Juvenal.
432 3377 486 3430 Sat.
496 3378 580 3437 XIII,
592 3398 628 3431 vs.

113 3456 147 3526 93
159 3473 205 3523 sq:
218 3476 231 3501 ιι
243 3453 378 3505 Decernat
390 3454 568 3523 quodcunque
581 3476 630 3508 vo-

112 3534 150 3588 let
163 3535 195 3589 de
207 3552 318 3603 corpore
331 3543 422 3586 nostro
436 3533 500 3601 Isis,
519 3546 546 3588 et
561 3535 628 3587 irato

110 3613 191 3669 feriat
198 3634 257 3667 mea
267 3614 368 3666 lumina
375 3614 463 3667 sistro:
472 3615 628 3669 Dummodo

110 3694 152 3746 vel
171 3714 253 3748 caecus
272 3704 398 3758 teneam,
418 3714 484 3762 quos
505 3696 624 3765 abnego,

112 3791 245 3825 nummos.
256 3794 269 3819 »
279 3774 311 3825 In
320 3771 481 3841 Antbologia
489 3792 571 3841 graeca
577 3773 628 3825 Lu·

110 3851 184 3905 cilius
198 3874 204 3906 ε
218 3863 251 3921 μὴ
268 3855 386 3931 xoeeapoiap
407 3862 457 3915 Τὴν
478 3846 526 3909 Iao
538 3858 624 3924 τούτῳ

110 3929 164 3982 huc
175 3941 202 3982 et
214 3931 338 3998 Persius,
357 3931 411 3984 Sat.
424 3933 461 3995 V,
476 3950 543 3984 vers.
563 3932 619 3997 185,

110 4008 233 4075 respexit,
240 4010 309 4077 apud
317 4030 398 4079 quem
406 4010 534 4077 obcurrit,
545 4029 626 4063 «cum

109 4086 187 4137 sistro
200 4083 269 4138 lusca
283 4088 436 4140 sacerdos.»

144 4166 182 4215 55.
200 4164 276 4214 Talia
280 4171 418 4230 pracom’a.
427 4165 523 4221 Talem
530 4183 624 4218 vocem

683 2201 879 2256 latentiumsua
886 2203 1014 2273 crimina,
1024 2212 1052 2259 et
1059 2202 1170 2257 scitam&

683 2282 755 2335 ritos.

716 2362 756 2414 56.
765 2364 1108 2428 Quidvaleantsaeamiaa.
1114 2348 1175 2427 Quid

683 2441 782 2509 possint
792 2440 913 2493 Deorum
923 2440 1123 2494 vires-Teste.
1130 2434 1184 2491 Ali*

683 2537 736 2587 quo
746 2528 878 2584 nocente,
896 2517 924 2571 in
937 2537 1019 2588 quem
1028 2516 1190 2573 animadver‘

682 2596 773 2649 terint.

704 2673 745 2725 61.
755 2676 885 2740 Quumque
891 2672 1207 2741 sstexsilaeumfflaffl‘sesre

682 2753 722 2805 lta
731 2761 833 2805 veteres
840 2761 1000 2805 constanter.
1008 2748 1201 2805 Censennibi‘

681 2829 796 2884 lominus
804 2829 973 2884 scribendum
982 2850 1037 2886 esse
1047 2852 1055 2886 ι
1067 2854 1081 2879 s
1089 2831 1196 2901 Quun‘

682 2929 733 2978 quc
741 2909 774 2962 sit
783 2909 901 2966 exsilium
909 2948 916 2975 ,
924 2910 1007 2979 magis
1014 2930 1041 2963 es
1048 2906 1187 2979 mihtudpa

682 2985 774 3040 dolori.
787 3010 800 3032 »
816 2988 886 3040 Nam
899 2992 925 3042 τὶ
934 2996 976 3040 es!
985 3007 1065 3041 versu
1076 2987 1187 3058 proximo

679 3067 909 3136 rursusseqnitur,
922 3066 1131 3135 ubipanascum
1138 3066 1187 3121 Ar·

679 3144 858 3212 gentoratensi
877 3143 968 3207 malo,
989 3162 1071 3213 quam
1084 3162 1187 3212 peut.

679 3220 777 3275 Similis
790 3220 917 3290 loquendi
928 3220 1025 3275 modus
1036 3222 1108 3275 infra
1119 3220 1188 3289 Eleg-

678 3315 717 3364 ιν,
727 3318 762 3352 vs.
774 3298 804 3351 31
817 3318 824 3352 ι
838 3320 851 3343 «
862 3299 988 3353 Junctior
1000 3300 1143 3353 Haemonia
1152 3308 1189 3353 est

679 3376 780 3444 Ponto,
795 3393 875 3445 qnam
892 3375 978 3429 Roma
992 3376 1026 3429 sit
1039 3379 1116 3430 Istro.
1128 3396 1142 3422 ι·
1154 3374 1188 3429 II·

710 3455 752 3506 ba.
764 3456 861 3523 Estque
869 3458 1036 3521 patipaenas.
1047 3455 1189 3507 Rationem

677 3531 808 3601 adsignat,
821 3552 869 3586 cur
878 3533 959 3601 magis
967 3532 1056 3587 doleat
1064 3532 1187 3593 crimine,

678 3629 757 3679 quam
770 3610 866 3664 exsilio.
881 3611 952 3678 Quia
967 3612 1050 3680 magis
1062 3632 1107 3665 me
1121 3610 1189 3681 angit

677 3702 812 3759 peccatum
822 3710 913 3744 meum
921 3731 928 3757 ,
937 3710 1017 3759 quam
1027 3710 1105 3762 poena
1115 3702 1142 3745 et
1150 3708 1188 3744 ex·

675 3768 890 3836 silium—Quam
898 3774 1025 3821 merut'sse.
1034 3768 1126 3837 Quam
1134 3786 1187 3838 pec

676 3859 764 3901 catum
780 3847 958 3914 commisisse,
973 3867 1028 3918 quo
1038 3848 1130 3903 videar
1143 3846 1187 3901 di-

676 3947 744 3997 gnus
757 3929 800 3981 tali
810 3947 895 3997 poena.

708 4007 747 4059 63.
761 4009 856 4073 Quibus
866 4016 907 4059 es!
913 4005 1075 4072 manifestior
1082 4010 1141 4073 ipse.
1153 4005 1183 4058 In

675 4088 770 4155 quibus
781 4085 837 4139 Diis
845 4087 898 4154 ipse
909 4086 1044 4155 Augustus
1054 4082 1184 4157 magisad·

674 4175 767 4234 paret,
780 4164 842 4233 quia
852 4184 867 4217 a
879 4164 954 4217 nobis
966 4164 1080 4219 videtur.
