2624 4816
266 397 551 466 TRISTIUM
581 398 680 467 LIB.
712 401 741 466 1.
774 400 924 469 ELEG.
956 403 1036 468 111.
1107 466 1110 469 ,
1145 403 1188 468 23

142 537 215 634 Quid
231 539 368 614 facerem
383 540 397 611 ,Ρ
412 537 537 612 blundo
556 539 669 639 patriae
685 539 852 613 retinebar
866 567 1002 614 amore:
1095 562 1097 566 “
1133 550 1139 559 “

177 655 291 729 Ultima
311 655 370 729 sed
384 655 481 752 jussu
496 683 565 728 nox
584 673 651 728 erat
668 653 725 728 illa
741 655 837 750 sngae.
1076 646 1079 653 ¹
1154 675 1188 729 50

137 769 196 843 lh!
212 771 344 872 quoties
361 768 473 870 aliquo
491 770 560 843 dixi
575 788 790 871 properante,
809 770 891 872 quid
908 773 1032 867 urges?
1052 834 1055 839 .

173 886 227 959 Vel
245 916 313 987 qno
332 886 467 960 festines
483 885 550 974 ire,
569 883 618 960 vel
636 886 744 972 unde,
758 885 841 960 vide.

133 997 196 1073 Ab!
213 1001 346 1103 quoties
363 1020 482 1077 certam
494 1029 552 1076 -me
568 1031 641 1076 sum
660 1005 818 1077 mentitus
834 1001 958 1078 babere

171 1117 291 1190 Horam
300 1174 311 1206 ,
326 1118 510 1218 propositae
525 1118 598 1219 quu
613 1118 701 1191 foret
718 1136 794 1219 apta
811 1119 877 1192 viae.

131 1227 185 1304 Ter
199 1234 297 1307 limen
318 1232 432 1328 tetigi3
451 1251 501 1307 ter
517 1263 592 1308 sum
608 1232 783 1309 revocatus
798 1265 806 1307 ε
822 1235 944 1335 etipse
1155 1256 1187 1308 55

170 1350 346 1445 Indulgens
363 1352 474 1424 animo
489 1378 549 1452 pes
566 1351 647 1424 mihi
664 1351 778 1426 tardus
795 1368 887 1426 erat:

131 1459 224 1565 Sepe,
240 1466 313 1542 vale
329 1467 441 1554 dicto,
457 1495 574 1541 rursus
593 1496 666 1542 sum
682 1465 786 1543 multa
802 1466 950 1556 luculus3

168 1584 209 1657 Et
225 1586 320 1686 quasi
334 1585 506 1660 discedens
523 1582 635 1660 oscula
653 1613 779 1660 summa
797 1585 893 1661 dedi:

132 1691 207 1797 Saepe
223 1699 337 1773 eadem
353 1699 507 1774 mandata
524 1698 619 1787 dedi;
637 1726 756 1798 meque
772 1699 845 1800 ipse
861 1697 985 1788 fefelli,
1023 1691 1026 1699 ’
1092 1765 1095 1768 ,

168 1813 358 1915 Respiciens
375 1813 483 1889 oculis
496 1815 638 1916 pignora
654 1844 727 1888 cara
741 1816 833 1889 meis.
1148 1838 1187 1889 so*

131 1917 277 2026 Denique,
286 1927 367 2027 quid
377 1931 546 2029 propero?
557 1928 693 2030 Scythia
703 1948 762 2018 est,
773 1959 841 2030 quo
850 1929 1023 2017 mittimur,
1031 1930 1182 2031 inquam:

167 2045 270 2119 Roma
286 2045 504 2147 relinquenda
524 2064 596 2121 est:
615 2064 756 2148 utraque
771 2050 859 2148 justa
873 2077 965 2122 mora
982 2066 1042 2123 est.

131 2153 208 2232 Uxor
223 2161 259 2233 in
272 2179 430 2235 aeternum
447 2162 522 2234 vivo
541 2162 623 2236 nribi
638 2164 711 2238 viva
727 2182 882 2259 negatur,

165 2274 206 2348 Εῑ
221 2275 358 2364 domus,
378 2295 412 2351 et
428 2275 501 2349 fidae
520 2274 630 2351 dulcia
644 2280 790 2353 membra
808 2280 939 2354 domus.

131 2385 275 2492 Quosque
294 2421 355 2486 ego
371 2391 516 2465 fraterno
536 2391 635 2466 dilexi
650 2422 742 2469 more
759 2395 951 2486 sodales‚‘-
1145 2417 1179 2468 us
1221 2485 1223 2491 Α

166 2509 193 2582 0
210 2508 294 2582 mibi
310 2509 437 2583 Thesea
454 2527 589 2610 pectora
603 2511 714 2610 juncta
733 2512 812 2586 fide!

127 2615 200 2697 llum
216 2623 311 2715 licet,
329 2625 531 2727 amplectar:
550 2657 721 2730 nunquam
737 2630 873 2704 fortasse
892 2625 1008 2703 licebit

162 2738 335 2840 Amplius:
351 2739 387 2812 in
403 2740 514 2830 lucro,
534 2771 607 2844 quse
624 2742 722 2817 datur
737 2744 838 2833 horu,
854 2743 938 2816 mibi
956 2758 1016 2816 est.

126 2845 180 2925 Nec
193 2880 304 2941 mora3
322 2855 483 2928 sermonis
499 2855 597 2928 verba
613 2856 803 2959 imperfecta
819 2855 996 2957 relinquo,
1074 2898 1080 2909 ,

126 3009 618 3093 CallistoliliaLycaonisregisllrcadiae.
667 3033 779 3090 rentur,
798 3023 909 3080 domove
922 3021 1131 3093 egrederentur,
1147 3029 1178 3072 ut

146 3101 560 3177 49.Ret1uebar;tan5ebarunm.
667 3100 1175 3171 id‚quodlumlaclurierant,prospere

148 3178 183 3229 50.
197 3179 296 3231 Ultima
307 3181 445 3245 sedjussae.
457 3178 557 3234 Diebus
569 3179 621 3234 sci-
667 3181 714 3236 sibi
720 3178 873 3251 contingere
880 3198 935 3232 non
945 3197 1019 3249 posse
1028 3177 1176 3232 crederent.

121 3248 360 3326 licelelapsis‚intra
368 3275 433 3327 quos
441 3257 506 3310 urbe
514 3257 619 3310 etltalia
670 3256 788 3313 erosis.

118 3329 191 3396 iussus
199 3355 274 3389 eram
283 3336 416 3390 excedere.
428 3336 485 3406 Qui
495 3337 567 3391 enirn
575 3355 620 3390 re·
700 3338 741 3390 br.
757 3339 827 3404 Quid
829 3341 957 3406 propero?
968 3357 1017 3406 quo
1029 3333 1134 3405 plurimi
1146 3352 1178 3387 ex

118 3409 272 3484 legebantur,
283 3416 313 3472 iis
322 3418 376 3472 dies
384 3417 525 3472 excedendi
534 3437 620 3490 apres·
667 3417 799 3471 veteribus
809 3415 1090 3486 :qur'dproperasdunii
1099 3415 1178 3480 ‚Ber-

116 3491 204 3550 sidibus
216 3496 273 3550 dari
284 3499 391 3552 solebat.
403 3499 513 3554 Bsusn.
668 3514 742 3549 nens.
756 3506 783 3549 et
793 3515 837 3550 sex
848 3494 905 3561 alii,
917 3506 1037 3564 utsupra
1049 3513 1114 3545 vers.
1128 3493 1156 3542 51
1169 3527 1177 3556 ‚

144 3578 181 3628 Su.
198 3577 247 3631 Vel
255 3597 304 3647 quo
307 3577 429 3645 feslr'rras.
439 3578 620 3645 Festrmsme-
667 3577 732 3644 quid
747 3580 826 3641 urges.
844 3573 898 3628 Sed
919 3573 1044 3627 Heinsius
1064 3568 1179 3623 malebat

116 3647 192 3708 liures.
201 3655 404 3722 Huius-Quo,
415 3661 535 3711 velurde.
544 3658 618 3725 Quo,
668 3653 764 3727 etiam,
777 3672 826 3721 quo
837 3656 958 3715 milleris,
976 3661 1006 3705 ul
1018 3669 1045 3704 se
1057 3647 1178 3717 adloqua-

71 3743 73 3754 '
115 3727 139 3782 in
152 3743 302 3787 extremum
319 3735 410 3787 orbern
423 3753 429 3787 :
442 3738 522 3797 unde,
541 3754 620 3806 aps·
669 3739 713 3784 tur
722 3751 729 3793 ;
738 3727 937 3784 mim'turvatic.
948 3727 1094 3781 etPutean.

115 3808 165 3862 uia.
179 3810 211 3865 ln
221 3811 311 3866 locum
323 3811 488 3864 teterrimum
499 3830 513 3864 a
524 3812 620 3880 jucun·
701 3810 741 3877 64.
753 3811 848 3864 Balcia
859 3813 975 3864 membra·
991 3804 1114 3871 Amicos,
1130 3803 1178 3858 do-

115 3881 213 3941 dissinro
228 3906 235 3942 ε
251 3899 279 3942 et
292 3899 386 3941 neutra
403 3889 436 3942 de
453 3908 529 3943 causa
544 3887 621 3943 festi·
668 3888 806 3956 mesricos,
826 3906 934 3950 servos,
953 3892 998 3936 aut
1015 3882 1094 3935 eliam
1112 3881 1181 3935 divi-

115 3965 235 4020 nandum.
251 3968 340 4021 Pour.
491 3997 493 4002 ·
668 3965 798 4022 siastbsec
807 3965 880 4020 enim
889 3958 978 4014 omnia
989 3971 1052 4014 sunt
1060 3961 1179 4014 membra

143 4045 182 4097 ⁵5.
201 4047 252 4098 Ter
266 4049 344 4097 limen
361 4051 438 4114 teupi.
458 4046 533 4101 Adeo
549 4047 620 4101 sini·
668 4043 772 4111 domus.
902 4111 904 4116 Ι
967 4104 968 4109 ¹

116 4129 281 4178 suumomen
289 4124 417 4195 putabant
427 4135 527 4180 veteres
538 4126 619 4180 limen
702 4124 744 4176 66.
758 4124 854 4175 Thesea
853 4121 918 4188 fide.
927 4119 1027 4173 Amore
1035 4117 1091 4171 fido
1099 4156 1107 4185 ,
1116 4134 1182 4185 que·

117 4196 261 4273 offendere,
274 4221 359 4274 quum
372 4202 481 4257 domurn
491 4202 620 4274 ingrede-
668 4201 700 4258 lis
711 4198 764 4255 fuir
772 4198 869 4254 Thesei
881 4198 910 4251 in
924 4184 1083 4252 Pirilboum.
