2624 4816
120 416 184 485 ψ
402 393 443 458 Ρ.
468 394 647 462 ov1n11
673 395 897 468 uasoms
996 468 1001 473 .

31 564 34 577 ·
118 532 230 628 Quum
249 530 334 604 bene
350 531 394 604 sit
412 532 529 607 clausae
547 563 640 609 eavea
657 537 828 614 Pandione
845 559 948 631 natae,
1007 591 1016 605 ·

164 647 291 720 Nititur
307 647 342 719 in
361 646 459 721 silvas
475 647 532 724 illa
547 651 654 724 redire
671 682 758 727 suas.

115 767 284 840 Adsuetos
304 764 388 838 tauri
409 763 532 852 saltus,
550 767 683 842 adsueta
701 768 836 858 leones,

164 886 233 957 Nee
251 881 361 955 feritas
379 879 454 956 illos
470 883 626 983 impedit,
646 904 739 959 antra
753 903 882 986 petunt

114 1003 167 1074 Tu
181 1017 304 1084 tamen,
323 998 425 1073 exsilii
442 1029 573 1075 morsus
591 1030 608 1075 e
623 1020 755 1102 pectore
770 1021 887 1076 nostro

164 1117 332 1190 Fomentis
349 1145 460 1218 speras
479 1117 592 1191 cedere
609 1146 707 1218 posse
726 1120 802 1192 tuis.

115 1235 235 1326 Effice,
253 1267 311 1311 vos
331 1239 454 1339 ipsine
472 1256 538 1312 tam
556 1236 639 1310 mibi
656 1236 730 1310 sitis
747 1237 897 1325 amandi,

164 1354 303 1428 Talibus
321 1371 359 1427 ut
373 1352 477 1428 levius
491 1353 535 1427 sit
551 1352 693 1427 caruisse
710 1350 843 1426 malum.

114 1474 179 1560 At,
196 1489 300 1573 puto,
319 1499 383 1572 qua
400 1470 526 1544 sueram
543 1470 693 1563 genitus,
711 1467 827 1542 tellure
844 1470 988 1558 carenti,

162 1589 202 1658 ln
223 1604 331 1659 tamen
346 1585 494 1659 humano
511 1583 652 1679 contigit
670 1611 740 1657 esse
754 1581 841 1656 loeo.

118 1701 222 1777 Orbis
240 1701 275 1772 in
293 1701 428 1774 extremi
443 1701 534 1800 jaceo
551 1700 698 1773 desertus
714 1697 842 1784 arenis,

162 1820 241 1890 Fert
259 1817 319 1890 ubi
337 1835 513 1918 perpetuas
531 1816 650 1890 obruta
666 1833 751 1888 terra
770 1816 883 1887 nives:

114 1939 194 2010 Non
211 1963 289 2030 ager
305 1935 360 2007 hic
376 1963 531 2034 pomum,
549 1963 620 2004 non
637 1930 748 2005 dulces
765 1933 881 2004 educat
898 1961 998 2020 uvas3

163 2057 241 2126 Non
259 2051 374 2124 salices
391 2049 477 2151 ripa,
494 2048 616 2122 robora
632 2065 746 2121 monte
764 2047 880 2120 virent.

115 2172 203 2243 Neve
219 2167 340 2247 fretum
360 2185 445 2241 terra
459 2165 572 2240 laudes
590 2165 710 2261 magis3
726 2194 858 2265 aequora
874 2192 1004 2265 semper

163 2285 349 2356 Ventorum
367 2281 477 2367 rabie,
496 2280 626 2354 solibus
645 2281 746 2368 orba,
765 2291 915 2354 tument.¹

116 2401 337 2499 Quocumque
354 2395 535 2496 adspicias,
553 2395 660 2495 campi
677 2394 804 2470 cultore
823 2412 986 2481 carentes,
1065 2439 1069 2453 ·
1130 2408 1155 2459 55

114 2596 243 2665 plectitur.
254 2595 284 2648 P.
293 2593 556 2664 -Lr'torepejuscod
564 2593 624 2647 Sca·
673 2593 716 2645 alii
725 2595 804 2663 probe
814 2617 819 2659 ;
828 2594 877 2648 nisi
888 2615 934 2664 pro
944 2613 1044 2662 queque
1052 2591 1157 2646 meriste

114 2673 197 2745 ligeri,
206 2683 232 2726 et
239 2673 297 2725 duo.
304 2671 346 2725 alii
356 2690 362 2724 :
372 2671 467 2725 rectius
478 2671 558 2725 etiam
565 2671 623 2723 boc.
672 2672 735 2740 poni
744 2692 828 2740 usque.
836 2674 872 2726 H.

147 2757 187 2825 39.
202 2755 282 2819 Quum
295 2756 355 2805 bene
367 2760 427 2803 sunt
440 2754 534 2803 clausa·
546 2769 624 2803 corea
705 2752 744 2817 43.
763 2755 862 2804 Eesr'lr'r'
869 2770 973 2803 morsus.
992 2754 1109 2818 Quoniam
1119 2751 1158 2801 lec

114 2833 245 2883 Pandione
258 2839 333 2882 natoe.
347 2829 405 2880 etin!
418 2827 535 2897 plerique
550 2838 625 2880 vete-
671 2840 696 2882 te
704 2850 764 2883 eura
774 2831 899 2883 remordet.
912 2831 938 2882 A
941 2840 1042 2896 pectore
1051 2825 1160 2882 nostrod

114 2907 393 2977 res3sr'tArgentinus,
403 2906 588 2972 Famesianus,
597 2917 624 2959 et
667 2917 767 2976 pectore
779 2927 840 2962 eum
853 2907 1022 2960 melioribus:
1035 2927 1081 2977 pro
1092 2908 1161 2960 cetere

115 3003 183 3037 unus
194 2985 354 3038 Vaticanus:
367 2985 465 3053 optime
475 3025 482 3053 ,
494 3004 544 3038 nec
555 2983 624 3038 hanc
672 3007 748 3040 versu
760 2986 878 3056 proximo
889 3005 958 3038 unus
967 2985 1107 3039 Vaticanus
1114 2985 1160 3037 uel·

114 3061 215 3134 Micylli
226 3064 403 3130 conjecturam
419 3063 552 3116 Fabricius
565 3063 623 3116 im·
671 3068 731 3128 lere,
745 3085 793 3134 pro
801 3068 908 3132 pellere,·
921 3073 948 3116 et
959 3074 1018 3117 tum
1032 3066 1121 3134 Tepro
1132 3061 1161 3114 lb

114 3141 224 3211 probare
234 3141 324 3193 debuit
335 3160 341 3194 ι
353 3142 406 3194 duo
417 3161 448 3194 ex
460 3142 553 3195 nostris
562 3160 623 3194 cum
671 3144 704 3198 sit
713 3143 888 3198 scribendum.
900 3143 937 3195 H.

116 3220 213 3274 Aldina
223 3219 355 3285 editione,
369 3225 623 3289 quumbenesilclau·
704 3223 745 3288 44.
761 3224 854 3274 Cedere.
869 3217 1044 3272 Amoveri.-
1054 3218 1162 3272 mantis

114 3320 146 3353 so
154 3301 284 3354 Pandione
296 3308 376 3362 nata,·
392 3320 484 3352 verum
498 3301 622 3369 proxime.
671 3303 729 3352 tois.
742 3298 876 3352 Remediis
890 3297 940 3350 tuis
951 3308 978 3349 et
989 3293 1162 3352 consolationi-

114 3380 152 3432 ΙΙ.
160 3379 330 3431 -Pandione
340 3387 413 3432 nate.
424 3378 463 3430 Ex
475 3378 569 3431 Aldina
580 3379 623 3432 illa
670 3380 726 3434 bus.
739 3405 772 3419 —-
783 3382 918 3432 Fornitrdus
935 3376 1060 3430 Francos.
1079 3377 1110 3431 de
1122 3389 1162 3445 qut

115 3455 246 3520 lectione,
260 3453 292 3507 de
305 3453 359 3506 sola
368 3453 514 3511 Philomela
526 3455 623 3509 intelli·
671 3457 847 3528 cogitandum.

115 3526 186 3605 gitn'r·
199 3554 205 3586 :
220 3533 276 3587 haec
286 3533 358 3586 enirn
370 3533 396 3585 in
408 3533 475 3586 silvis
487 3535 621 3588 nidificare
704 3534 1164 3609 49.Extremior‘bu.Extremiseptem·

115 3614 189 3666 solet.
201 3611 254 3666 Sed
264 3611 327 3682 quid
337 3611 359 3664 si
369 3612 437 3680 legas
447 3651 454 3678 ,
471 3614 551 3678 Quum
563 3617 623 3665 bene
671 3613 764 3668 trionis
774 3624 801 3666 et
811 3626 949 3666 terrarum.
959 3641 991 3653 -
1002 3617 1035 3666 In
1047 3608 1164 3666 manto

113 3697 151 3745 sr't
161 3695 254 3745 clauso
265 3710 343 3743 corea
354 3691 485 3742 Pandione
495 3698 561 3742 nole
572 3711 579 3743 :
592 3701 622 3744 ut
671 3693 764 3747 Getico
777 3695 862 3747 litore.

114 3770 147 3823 sit
155 3788 259 3823 sensus:
271 3771 450 3838 Quantumvis
462 3769 529 3822 bene
540 3781 577 3822 est
586 3771 623 3821 lu·
704 3776 743 3824 51.
752 3775 808 3825 Non
815 3775 900 3825 dulces
907 3771 1165 3827 educaruoasdtertu

116 3850 203 3905 sciniae
213 3870 290 3905 eavea
299 3851 417 3917 incluse,
428 3850 521 3903 nititur
532 3861 622 3904 tamen
672 3853 781 3923 Argent.
788 3864 814 3905 et
823 3853 897 3905 multi
908 3854 957 3907 alii.
968 3856 1004 3907 ΙΙ,
1011 3885 1046 3896 -
1054 3855 1165 3921 Egone

114 3929 184 3982 exire
195 3929 224 3982 in
235 3929 309 3983 silvas
320 3951 377 3985 suas
393 3950 399 3983 :
412 3932 482 3982 Bene
491 3950 557 3988 esse.
574 3948 621 3999 pro
670 3935 782 3999 retineo,
792 3933 880 4002 eisque
888 3927 1166 4002 metiusepithesondd

115 4008 184 4061 bene
194 4027 223 4062 ac
232 4009 370 4063 commode
379 4011 483 4075 vivere,
497 4010 588 4078 posito.
620 4030 623 4036 ’
670 4031 727 4077 ees,
741 4031 818 4079 quarn
836 4010 922 4064 herbis
936 4014 1078 4066 convenire
1095 4004 1165 4080 'putot
1182 4058 1183 4069 ,

148 4089 188 4153 do·
202 4088 297 4140 Nititur
306 4094 334 4141 in
344 4091 424 4142 siloas
434 4108 533 4157 queque
545 4091 623 4141 redire
669 4087 728 4139 vide
738 4099 764 4140 et
774 4086 841 4140 infra
852 4087 900 4156 Ep.
910 4089 964 4142 Vll
974 4130 981 4158 ,
996 4091 1042 4159 13,
1058 4101 1084 4145 et
1097 4083 1165 4141 Trio

115 4183 183 4218 uras.
197 4166 248 4218 Illa
264 4169 342 4218 redire
357 4166 467 4238 Argent.
486 4177 512 4221 et
530 4166 622 4222 decem
671 4167 727 4233 ΙΙΙ,
741 4185 775 4234 x,
791 4188 828 4236 71.
844 4167 942 4222 Boura.
