2624 4816
110 400 177 483 406
383 402 422 465 r.
457 392 634 466 ovrnrr
666 396 894 468 nnsonrs

116 590 1143 625 ..m-ww

117 612 136 618 -
171 613 179 618 .
201 610 220 617 .-
243 610 267 617 ι.-
284 608 576 617 es.-.--.-—.---——-

293 736 300 763 ’
352 694 361 703 ’
440 731 755 817 urrsrotn
785 733 863 817 vr.

593 900 706 920 m

375 1138 673 1212 AMICORUM
699 1138 930 1214 coronet
1027 1194 1031 1199 -

474 1527 839 1591 ARGUMENTUM.

122 1697 231 1761 Amico,
244 1695 289 1764 qui
303 1693 436 1747 nominari
455 1703 564 1760 aposta
581 1694 722 1759 noluerat,
740 1694 869 1761 ostendit,
888 1714 949 1749 earn
968 1694 1158 1751 murentimin

154 1777 319 1846 Angustum,
333 1776 408 1845 cujus
424 1774 564 1828 clementia
577 1776 610 1828 sit
622 1775 772 1842 notissima,
793 1776 952 1831 invidiosam
964 1798 1019 1833 esse
1030 1799 1038 1843 ς
1049 1778 1086 1832 vel
1096 1785 1158 1848 aperte

154 1867 241 1921 tutus,
256 1856 297 1909 vel
310 1856 423 1909 latenter
435 1857 527 1908 saltem
541 1866 571 1908 ut
582 1854 698 1909 exsulem
709 1867 794 1923 amet,
810 1857 942 1912 hortatur.

59 2134 62 2139 .
125 2009 245 2112 NASO
263 2067 343 2128 sno,
362 2067 483 2113 nornen
500 2040 616 2139 posuit
631 2041 686 2112 cui
701 2069 815 2140 pene,
835 2042 943 2115 sodali

174 2155 283 2228 Mittit
299 2157 340 2228 ab
357 2156 498 2230 Euxinis
512 2156 577 2229 hoc
592 2157 692 2230 breve
709 2186 838 2231 carmen
854 2161 960 2258 aquis.

130 2277 193 2361 At,
210 2276 239 2348 si
256 2293 351 2349 cauta
367 2303 486 2375 parum
505 2273 692 2373 scripsisset
709 2275 841 2362 dextra,
860 2276 936 2375 quis
954 2304 1057 2366 esses,

173 2391 326 2464 Forsitan
345 2389 457 2464 officio
473 2407 568 2490 parta
585 2388 717 2488 querela
733 2389 830 2462 foret.

129 2509 198 2581 Cur
216 2526 340 2594 tamen,
358 2509 424 2580 hoc
442 2506 515 2580 aliis
533 2525 643 2580 tutum
660 2506 887 2594 credentibus,
906 2537 1011 2599 nnus,
1152 2521 1162 2571 ⁵

174 2625 353 2726 Adpellent
369 2655 411 2699 ne
429 2644 460 2698 te
477 2625 769 2711 terminantium,
787 2629 912 2721 rogas?

133 2742 269 2838 Quanta
286 2743 330 2816 sit
344 2743 379 2815 in
397 2742 503 2815 media
520 2740 693 2835 clementia
711 2742 847 2815 Caesaris
864 2743 931 2829 ira,

182 2858 232 2929 Ex
249 2887 319 2946 me,
338 2859 365 2931 si
380 2858 505 2945 nescis,
523 2857 642 2931 certior
659 2884 728 2929 esse
744 2875 850 2956 potes.
871 2878 874 2886 '

134 2971 223 3042 Huic
241 3001 324 3067 ego,
345 3001 443 3072 quarn
461 2971 589 3073 patior,
608 2970 655 3042 nil
672 2999 804 3071 possem
820 2971 949 3044 demere
966 2992 1085 3070 poento,

183 3087 219 3159 Si
232 3089 331 3186 judex
347 3089 455 3162 meriti
472 3117 606 3184 cogerer
622 3116 693 3161 esse
709 3089 782 3161 mei.
799 3123 800 3127 ¹
1147 3109 1167 3145 ¹⁰

133 3201 210 3272 Non
227 3219 314 3275 vetat
330 3201 385 3275 ille
404 3203 455 3276 sni
474 3231 672 3303 quemquam
686 3201 873 3274 meminisse
892 3199 1031 3291 sodalis,

184 3321 252 3391 Nec
269 3317 427 3417 prohibet
443 3318 504 3391 tibi
519 3347 572 3393 me
589 3318 751 3405 scribere,
770 3335 868 3416 teque
886 3317 978 3390 rnihi.

136 3439 204 3511 Nec
221 3432 328 3507 scelus
345 3431 517 3519 admittas,
538 3433 566 3506 si
583 3431 763 3506 consoleris
781 3432 942 3520 amicum,

185 3549 349 3626 Mollibus
367 3567 401 3622 et
416 3548 526 3622 verbis
543 3555 659 3650 aspcr'a
676 3548 742 3622 sata
760 3547 855 3621 leves.

139 3670 226 3757 Cur,
246 3667 325 3742 dum
344 3685 416 3740 tnta
433 3665 548 3751 times,
567 3666 647 3739 facis
664 3683 703 3739 ut
717 3663 897 3738 reverentia
913 3661 987 3736 talis
1155 3668 1174 3724 ¹⁵

172 3865 193 3896 1.
205 3846 255 3897 Suo
258 3848 351 3911 posuit.
359 3843 403 3897 sic
411 3839 501 3896 nostri.
509 3842 583 3894 Suum
588 3840 646 3893 Mo·
694 3838 866 3890 dum-Hoc.
876 3834 981 3890 Scilicet
993 3850 1089 3889 nornen
1100 3841 1175 3903 ponere

138 3921 221 3973 retiet
230 3933 344 3990 quatuor
356 3920 406 3974 atii.
694 3918 759 3970 mois
770 3915 877 3986 scriptis.

170 4017 193 4049 o.
206 4000 247 4050 Ab
259 4001 376 4051 Euxr‘reis.
388 3999 430 4052 At
440 4000 557 4051 extremis
570 4015 646 4050 unus.
726 4014 750 4066 9.
764 3996 832 4046 Huic
850 4012 903 4061 ego.
922 3994 994 4046 Hinc
1010 3990 1081 4045 Mss
1099 3990 1178 4042 Bertffl·

96 4144 99 4150 Ι
169 4079 193 4127 5.
211 4078 281 4128 Aliis
304 4083 459 4131 credentibus
482 4095 537 4131 esse
559 4086 645 4131 tutum.
693 4077 844 4142 Nilpossem
852 4077 954 4127 demere.
968 4070 1040 4141 Quia
1051 4068 1178 4125 cesum

140 4152 203 4206 Aliis
214 4152 418 4210 existimantibus
425 4177 480 4211 non
488 4177 543 4212 esse
551 4155 646 4210 timen·
694 4154 819 4225 potuisset
831 4173 874 4208 me
884 4154 975 4208 mitius
989 4152 1086 4223 punire.
