2624 4816
114 406 181 473 310
387 410 427 475 P.
459 408 636 478 OVIDII
663 411 897 485 NASONIS
997 428 1000 433 '

163 546 238 618 Jam
255 545 365 620 minus
381 547 436 621 hic
454 548 533 621 odio
552 567 618 638 est,
636 580 734 651 quam
752 554 817 627 tuit
834 573 927 644 ante,
946 555 1049 635 loeus.

114 658 263 733 Tandem
278 658 424 760 aliquid,
444 660 538 762 pulsa
554 692 706 738 curarum
724 667 832 758 nube,
852 698 1004 748 serenum
1147 699 1158 748 t
1206 676 1209 683 ⁴

165 774 264 860 Vidi;
283 775 424 850 fortunae
440 780 538 853 verba
556 779 698 880 dedique
712 811 802 857 meae.

116 888 210 964 Nolit
227 909 265 964 ut
281 890 346 964 ulta
365 892 446 965 mihi
465 895 654 991 contingere
672 899 792 993 gaudia
809 901 935 993 Caesar,

166 1004 258 1080 Velle
273 1025 384 1106 potest
399 1008 502 1084 cnivis
518 1009 587 1085 haec
605 1031 714 1088 tamen
731 1045 798 1090 una
815 1017 896 1092 dari.

116 1120 163 1194 Di
179 1149 335 1221 quoque,
354 1140 393 1196 ut
410 1153 428 1196 a
445 1126 573 1199 eunetis
589 1127 686 1201 hilari
705 1130 827 1230 pietate
844 1132 1013 1226 colantur,

164 1239 349 1313 Tristitiam
366 1240 447 1341 poni
463 1271 524 1345 per
542 1271 599 1318 sna
621 1245 703 1319 festa
716 1246 845 1344 jubent.
1139 1289 1159 1323 n

116 1358 294 1458 Denique„
309 1358 399 1460 quod
417 1378 527 1434 certus
542 1360 635 1434 suror
651 1380 702 1436 est
719 1362 839 1437 audere
855 1364 970 1457 fateri,
1007 1368 1010 1375 ’

167 1479 238 1549 Hac
255 1505 316 1571 ego
334 1474 465 1562 laetitia,
483 1477 511 1549 si
528 1495 615 1551 vetet
631 1478 717 1579 ipse,
735 1479 836 1555 fruar.

118 1589 276 1690 Juppiter
295 1587 435 1662 utilibus
452 1591 583 1693 quoties
599 1592 688 1689 juvat
706 1592 870 1669 imbribus
885 1622 1003 1692 agros,

168 1708 272 1781 Mista
291 1723 387 1779 tenax
405 1707 507 1801 segeti
525 1734 669 1782 erescere
685 1707 783 1810 lappa
799 1708 893 1785 solet.

120 1826 191 1896 Nos
209 1850 342 1922 quoque
359 1822 553 1917 frugiferum
569 1825 743 1913 sentimus,
760 1826 889 1901 inutilis
905 1827 1025 1919 herba,
1086 1860 1089 1867 ¹
1137 1845 1157 1898 ιδ

168 1940 321 2023 Numen,
341 1955 374 2011 et
391 1936 492 2011 invita
510 1967 595 2040 saepe
610 1940 761 2038 juvamur
778 1970 851 2042 ope.

124 2053 252 2126 Gaudia
270 2054 424 2127 Caesareae
441 2055 562 2128 mentis
578 2064 641 2156 pre
659 2075 751 2157 parte
764 2058 850 2131 virili

171 2173 258 2245 Sunt
274 2199 369 2244 mea:
385 2172 504 2272 privati
520 2173 568 2246 nit
583 2173 683 2248 habet
696 2174 754 2249 illa
771 2176 900 2251 domus.

125 2287 254 2374 Gratia,
272 2289 391 2374 Fama,
410 2287 493 2375 tibi;
512 2318 572 2390 per
590 2319 688 2391 quam
705 2310 848 2393 spectata
867 2292 1028 2393 triumphi

169 2400 304 2476 Incluso
318 2401 435 2476 mediis
452 2419 501 2476 est
516 2403 598 2476 mihi
615 2434 739 2508 pompa
761 2406 863 2481 Getis.
1137 2434 1161 2473 n
1247 2458 1253 2474 t

152 2612 176 2677 4
189 2613 250 2662 Jam
258 2614 342 2662 metius
353 2611 396 2661 hic
405 2609 464 2660 odio
473 2614 569 2667 estete.
579 2610 632 2660 Es!
678 2607 776 2678 Georg.
784 2609 827 2663 lib.
837 2609 865 2674 Ι,
879 2629 915 2662 vs.
926 2613 971 2663 152
979 2647 987 2674 ,
996 2626 1077 2677 quum
1083 2601 1164 2690 inquitf

121 2691 194 2745 deest
207 2709 251 2743 sex
263 2689 409 2752 codicib1n3
424 2688 482 2756 liam
495 2693 577 2741 manus
591 2697 633 2749 est
680 2687 865 2756 «subitaspera
873 2687 959 2758 sylva,
974 2686 1164 2756 Lappaequetn·
1250 2697 1253 2704 ·

120 2772 193 2829 odio,
206 2787 280 2836 quam
294 2767 402 2820 Junian.
679 2768 801 2835 buliqm,
815 2767 936 2836 interque
949 2767 1062 2820 nitentia
1072 2764 1154 2820 culta.»

154 2850 178 2897 5.
191 2846 299 2915 Aliquid
302 2865 422 2898 serenum,
433 2847 549 2914 Alztuod
555 2844 629 2912 Aldi,
715 2845 1120 2913 15.Numensru5istmm.Numen
1125 2836 1166 2892 (ἓν

121 2921 221 2993 Micylt.
235 2922 372 2975 tte-eman,
386 2923 475 2976 minor
486 2923 589 2994 Gryph.
604 2933 632 2975 et
680 2924 760 2989 saris,
779 2923 854 2991 quale
877 2933 915 2976 est
931 2923 1006 2976 Jovis
1019 2917 1168 2992 irriganda

122 2999 181 3062 alii;
196 3001 288 3054 Heius.
298 3002 426 3068 malebat,
438 3005 631 3071 aliquadserem'.
679 3001 762 3054 bonas
781 3013 808 3057 et
830 3001 910 3054 malas
928 3000 1030 3055 herbas.
1047 3002 1100 3055 Per
1115 2992 1170 3069 quod

153 3082 178 3133 fi.
197 3085 310 3134 Fortuna
323 3088 398 3136 verba
407 3087 509 3152 dedique
521 3103 587 3136 mea.
596 3084 632 3137 Et
679 3081 814 3135 victoriam
829 3078 938 3134 cesaris
950 3079 1080 3150 intelligit

123 3159 214 3229 decepi
226 3159 361 3213 fortunam
374 3181 470 3215 meam.
715 3160 752 3212 16.
764 3162 847 3212 Invita
859 3179 910 3227 ope.
923 3157 1029 3212 Gaudio
1042 3177 1097 3229 quo
1106 3155 1174 3212 nollet

156 3260 178 3309 7.
192 3240 264 3289 Noli!
278 3248 307 3289 nt
321 3243 375 3291 illa.
396 3243 458 3294 Ulla
474 3262 535 3296 cum
550 3242 634 3297 tribus
679 3256 723 3290 me
734 3235 822 3290 Caesar
833 3235 918 3288 adfici·

122 3314 223 3384 seriptis
235 3313 386 3384 legendum.
399 3318 435 3372 H.
715 3336 752 3383 17.
768 3317 872 3367 Gaudia
885 3317 1006 3368 Cesarea
1012 3320 1111 3368 mentis.
1121 3316 1179 3368 Gen·

159 3415 197 3446 11.
218 3394 294 3458 Quod
305 3404 386 3445 certus
393 3396 470 3464 furor
486 3409 527 3452 est
542 3402 633 3452 audere
679 3401 715 3448 tis
721 3393 826 3446 videtur
837 3391 1023 3457 scribendum,
1035 3410 1119 3460 quum
1127 3392 1181 3447 101-

116 3474 206 3542 fateri,
222 3468 313 3538 Quam
329 3489 404 3536 rem,
421 3485 449 3527 nt
464 3475 569 3530 fruatur
583 3476 632 3530 hae
680 3474 822 3542 jungatur,
835 3475 933 3538 privati
944 3474 984 3523 nil
993 3474 1075 3524 habet
1085 3475 1132 3525 itta
1141 3473 1182 3524 do·

122 3551 211 3608 laetitia
219 3559 308 3620 poeta,
322 3549 404 3602 invito
419 3551 536 3620 Caesare,
549 3575 631 3622 quum
679 3569 742 3602 mus.
758 3552 872 3602 Cesarea
884 3567 962 3615 gens,
982 3551 1120 3618 quomodo
1127 3567 1184 3618 {m

123 3631 235 3686 audeam
246 3627 382 3701 profiteri,
397 3628 498 3684 insania
511 3633 632 3700 quadam
679 3631 785 3688 Flavia,
796 3645 857 3695 gens
868 3628 990 3687 Claudia,
1007 3631 1185 3694 geasAEm‘la‘ae.

123 3710 237 3765 videtur.
711 3705 1186 3761 18.Privatinilhabett'lladomus.Cn·

161 3813 198 3843 η.
211 3792 239 3844 st
246 3797 321 3843 vetat.
333 3787 546 3852 Vetetmeliores3
555 3791 632 3858 etlit-
679 3804 768 3840 sarum
783 3783 877 3836 dornns
890 3782 926 3836 nil
941 3782 1021 3836 habet
1034 3784 1184 3856 proprium,

124 3879 222 3937 ratpro
230 3873 297 3935 talea!
307 3887 384 3920 versu
395 3865 528 3936 proxim03
538 3867 570 3920 de
579 3887 632 3937 quo
680 3863 725 3918 sed
736 3882 795 3917 eum
811 3861 933 3914 omnibus
944 3880 1090 3917 commune
1101 3883 1108 3917 ε
1119 3862 1187 3933 qnasi

123 3944 222 3998 dictum
237 3946 294 4000 Art.
306 3945 418 3999 Antib.
430 3947 461 4012 1,
475 3945 531 4013 647.
547 3945 583 3998 H.
681 3943 764 4008 dicat,
779 3940 924 3996 Victoriam
938 3939 1028 3995 Caesae
1040 3944 1147 4011 patriae,
1161 3951 1186 3995 et

159 4024 196 4089 ¹4·
212 4024 300 4075 Tenue
314 4027 398 4092 lappa.
415 4023 506 4077 Herba
525 4022 568 4075 illa
581 4022 633 4075 ad·
679 4019 778 4074 civibus
792 4019 861 4087 suis,
879 4037 934 4072 non
950 4019 1019 4087 sibi,
1037 4037 1186 4090 comparare

121 4100 233 4154 herens.
247 4099 328 4167 Quod
345 4112 435 4155 autem
446 4100 518 4154 inter
532 4111 632 4169 segetes
680 4098 753 4153 solet.

121 4187 243 4230 nascatur
254 4177 344 4245 lappa,
359 4179 436 4233 docet
448 4179 527 4234 etiam
536 4179 631 4245 Maro,
715 4177 1185 4250 19.Grana‚Fama‚ttttFamegra·
