2624 4816
182 408 902 483 ExPoNTOLIB.1.EPIST.V.
1007 419 1073 485 285

99 565 242 622 actorem
259 567 344 623 certe
362 579 414 623 res
429 551 520 648 juvet
538 551 600 624 ista
616 549 710 623 nihil.

110 664 191 753 tibi,
209 665 237 740 si
254 664 355 739 calida
373 666 503 766 positus
520 665 651 740 laudere
669 666 794 766 Syene,

99 799 129 854 rt
145 782 205 855 ubi
220 782 442 882 Taprobanen
458 782 572 855 lndica
589 783 693 879 cingit
710 784 821 884 aqua?

99 927 123 972 rs
138 899 186 972 ire
200 897 308 971 libet?
325 898 353 971 si
371 915 402 972 te
422 898 578 972 distantia
594 898 692 995 longe

100 1014 228 1088 eiadum
244 1013 378 1087 laudent
396 1014 506 1110 signa,
526 1015 606 1115 quid
625 1014 701 1087 inde
717 1013 826 1088 feras?

99 1157 201 1230 neque
217 1129 372 1229 pervenio
392 1129 523 1229 scriptis
539 1129 761 1205 mediocribus
776 1130 882 1221 istuc,

99 1272 226 1345 imaque
241 1274 316 1318 cum
334 1243 469 1317 domino
487 1244 573 1341 fugit
590 1245 631 1319 ab
649 1244 731 1319 urbe
749 1273 820 1318 suo.

99 1389 162 1459 pre,
181 1361 303 1462 quibus
315 1361 414 1460 perii,
433 1377 511 1434 tunc
525 1390 628 1461 quum
641 1390 713 1435 mea
724 1361 809 1434 sama
823 1358 951 1460 sepulta
964 1377 1033 1450 est,
1043 1382 1077 1438 85

102 1528 155 1579 Res
159 1527 236 1593 jraaat
246 1531 298 1579 isia
307 1529 379 1580 nibil.
391 1529 467 1580 Juret
476 1526 520 1581 le·
569 1526 674 1580 cardine
696 1526 790 1579 mundi
807 1526 900 1580 Victor
919 1527 972 1582 adit
993 1548 1079 1598 popu-

99 1623 139 1656 uu.
153 1604 190 1657 H.
568 1605 624 1668 los;
638 1626 651 1651 »ι
664 1609 710 1658 sub
726 1624 820 1658 occasu
831 1610 915 1671 positi
928 1608 999 1658 Iberi
1009 1605 1079 1675 apud

100 1684 170 1747 Quid
179 1686 237 1745 irbi,
250 1687 279 1735 si
285 1685 370 1735 calrila
377 1686 460 1748 prasii
469 1686 521 1734 lau·
569 1694 703 1737 auctorem
717 1682 838 1736 Herculis
852 1683 940 1735 OEtaei.
954 1683 1079 1735 H.-Ca-

99 1760 182 1830 bene?
199 1760 232 1812 In
244 1759 418 1825 Sarraviano,
435 1762 521 1811 calida
570 1764 626 1813 lida
637 1763 722 1831 Syene.
736 1760 824 1831 Syene
837 1759 962 1828 oppidum
975 1759 1026 1813 fuit
1036 1780 1080 1813 su*

99 1840 299 1901 iia'rnideresine,
309 1837 520 1898 mendosissime;
570 1860 618 1909 pra
630 1838 817 1892 Alexandriam
833 1839 949 1907 quinque
966 1838 1079 1893 millibus

104 1913 331 1983 Scaligeriposiins
340 1917 447 1967 laudere·
455 1915 522 1968 Scri·
569 1918 721 1972 stadiorum.
736 1920 851 1970 coliium
864 1928 954 1970 autem
966 1917 1079 1987 adpellat

99 1991 225 2059 Qucum,
238 1992 259 2045 si
271 1991 352 2045 calida
361 1992 457 2060 positus
467 1992 522 2045 lau·
570 1999 681 2068 Syenen,
697 1995 821 2064 quoniam
833 1994 931 2048 directe
940 1994 1080 2051 locatasuit

99 2071 195 2142 iyene?
204 2072 278 2136 uvel,
288 2071 357 2141 quod
366 2072 455 2125 malim
462 2111 469 2137 ,
476 2092 522 2137 po·
569 2075 617 2128 sub
626 2074 726 2142 tropico
737 2073 839 2138 aestivo,
851 2073 942 2140 idest,
953 2073 1001 2127 sub
1011 2071 1080 2127 Can·

99 2179 121 2190 -
132 2153 187 2216 Quo
197 2155 251 2203 tibi.
262 2150 305 2203 Sic
320 2148 387 2218 apud
400 2150 522 2219 Proper·
570 2168 615 2203 cro
625 2188 632 2215 ,
644 2150 672 2202 in
682 2160 800 2201 extremo
812 2148 915 2201 torridae
926 2167 1006 2201 zonae.

112 2228 155 2280 lib.
168 2227 223 2294 lv,
238 2228 310 2296 Eleg.
323 2244 377 2292 ιιι,
394 2247 460 2280 vers.
475 2231 503 2280 51
516 2246 523 2281 z
603 2227 643 2280 80,
652 2228 758 2280 Arainbi
765 2228 929 2291 Taprobanen
936 2228 1080 2280 Inda‘cair'n·

99 2304 182 2358 rmihi
192 2324 261 2374 quo,
276 2305 363 2359 Poenis
375 2304 396 2358 si
407 2323 523 2373 purpura
569 2308 608 2372 git
626 2323 700 2372 aqua.
720 2303 843 2372 Plerique
872 2314 974 2357 veteres
987 2308 1080 2371 penali.

99 2395 115 2436 rt
126 2382 223 2437 ostris?
238 2406 251 2430 n
269 2384 314 2436 ubi
328 2402 465 2452 perperam
478 2387 527 2435 tibi
572 2380 662 2434 Scribe
681 2386 778 2448 cingam
796 2379 866 2448 quod
883 2380 983 2434 Mureti
998 2379 1080 2433 codex

99 2480 122 2513 ’a
132 2479 205 2514 nunc
215 2460 311 2530 legitur
320 2480 326 2512 :
333 2466 434 2526 posr'ius
444 2461 522 2513 etiam
574 2456 721 2511 confirmat.
735 2458 784 2525 Ep.
796 2456 916 2524 Acontii,
930 2477 975 2509 aar
988 2475 994 2510 :
1006 2477 1019 2502 «
1034 2457 1082 2509 ln-

99 2550 167 2603 rter;
181 2540 260 2592 Pont.
272 2538 339 2591 libro
352 2539 380 2604 I,
397 2538 468 2608 Eleg.
482 2555 521 2603 11,
572 2535 636 2602 sula,
646 2533 764 2606 Coryciis
770 2533 905 2603 quondam
912 2532 1082 2587 celeberrima

100 2636 106 2670 ε
117 2618 201 2671 «Non
212 2626 283 2670 vacat
291 2616 318 2668 in
328 2635 379 2685 qua
388 2617 440 2669 sint
448 2613 524 2683 positi
572 2614 711 2687 nymphis,
727 2612 849 2683 Cingitur
855 2614 961 2683 AEgreo,
970 2612 1081 2666 nomine

99 2715 121 2749 re
138 2695 252 2748 Tomitae
269 2695 414 2762 Quaerere3
429 2716 442 2740 »
454 2693 524 2746 inira
574 2694 644 2761 Cea,
654 2694 737 2758 mari,
751 2715 764 2741 a
775 2694 887 2747 Metam.
896 2693 947 2762 lv,
956 2713 1021 2746 vers.
1034 2711 1083 2746 ar:

99 2790 142 2829 vn
150 2813 157 2841 ,
165 2794 202 2827 vs.
210 2777 224 2826 5
233 2792 260 2828 z«
270 2774 365 2841 Ecquis
372 2774 400 2826 in
408 2783 525 2826 extremo
574 2794 587 2819 ι(
601 2772 716 2825 Decolor
725 2781 843 2825 extremo
853 2791 904 2841 qua
913 2771 1027 2840 cingitur
1035 2773 1084 2826 In-

99 2855 189 2923 :siacet
196 2852 259 2905 orbe
267 2850 413 2904 tuorum?»
423 2851 466 2904 lib.
473 2852 524 2915 lv,
574 2850 616 2903 dia
627 2850 719 2919 Gange
730 2872 736 2914 ;
747 2873 761 2896 u
773 2850 855 2917 Epist,
868 2849 978 2902 Ariadn.
990 2869 1025 2903 vs.
1035 2849 1084 2902 br:

99 2946 145 2996 vr,
155 2948 192 2982 vs.
202 2949 231 2996 ¹7
243 2947 250 2981 :
261 2950 274 2974 «
285 2929 371 2996 Quale
383 2939 471 2980 tamen
481 2946 526 2995 po-
575 2952 588 2976 «
601 2930 693 2982 Omne
710 2930 775 2982 latus
792 2939 869 2982 terre
881 2928 962 2998 cingit
977 2947 1059 2981 mare.
1069 2948 1084 2976 u

106 3005 201 3072 caelite,
213 3006 312 3071 Brute,
326 3005 424 3058 recenti
434 3005 526 3056 Vestra
575 3008 611 3059 H.
622 3035 655 3046 -
666 3007 722 3059 Ani
733 3011 779 3059 ubi
789 3008 961 3073 Taprobanen.
974 3007 1084 3074 Tapro-

100 3082 216 3152 lpositus
224 3101 330 3136 carmen
339 3082 367 3134 in
376 3101 421 3134 ora
429 3081 490 3134 dedi
498 3103 504 3148 ς
512 3104 525 3129 u
574 3083 641 3136 bane
653 3082 736 3135 insula
746 3093 800 3148 est,
813 3101 871 3151 quae
881 3083 976 3136 distare
989 3083 1084 3137 dicitur

106 3179 161 3217 vm
174 3202 182 3228 ,
199 3183 233 3216 vs.
250 3163 281 3216 85
294 3182 300 3215 :
313 3184 327 3208 α
344 3160 491 3230 Clausaque
505 3162 526 3215 si
576 3162 607 3215 ab
616 3161 804 3215 australissimis
811 3162 939 3231 partibus,
952 3182 1010 3233 quae
1021 3174 1085 3216 sunt

99 3240 211 3313 opatria
223 3251 319 3307 est,ut
331 3258 414 3308 ponar
425 3240 452 3291 in
464 3239 525 3306 illo,
575 3240 643 3310 apud
667 3240 797 3312 Conjaeos
815 3242 956 3295 meridiem
973 3262 1082 3308 versus,

99 3321 175 3373 ninus
186 3319 304 3372 Ausonia
314 3317 391 3370 distet
402 3317 433 3369 ab
442 3317 507 3369 urbe
518 3356 526 3383 ,
575 3328 675 3388 septem
688 3319 792 3372 dierum
802 3320 975 3390 navigatione.
984 3321 1085 3373 Auctor

99 3420 112 3446 s
121 3396 241 3450 iniralib,
252 3396 296 3462 ΙΙ,
310 3395 423 3463 Eleg.x,
436 3414 471 3446 vs.
481 3396 525 3459 45:
576 3397 689 3463 Strabo,
701 3395 744 3449 lib.
758 3399 818 3451 XV.

108 3475 216 3546 quidem
225 3476 322 3544 positus
331 3492 412 3542 quum
420 3474 470 3526 sim
479 3473 527 3525 sub
608 3474 647 3527 81.
663 3475 749 3527 Altius
766 3479 800 3528 ire
814 3476 883 3526 libet.
900 3474 989 3528 Placet
1005 3472 1084 3524 etiam

99 3575 124 3609 re
138 3553 248 3618 mundi,
265 3553 320 3621 Qui
332 3570 435 3620 semper
450 3550 527 3619 liqui·
575 3570 623 3620 per
632 3551 723 3604 altiora
730 3563 758 3605 et
768 3551 876 3606 caelestia
885 3551 955 3604 idem
965 3549 1084 3621 probare.

100 3636 143 3690 ior
153 3632 329 3700 exstataquis;
341 3653 353 3678 ι»
364 3631 399 3685 sic
408 3640 435 3684 et
443 3632 478 3683 ibi
487 3650 529 3685 co·
575 3657 608 3668 -
616 3631 703 3696 lange
713 3631 844 3681 distantia.
862 3630 951 3698 Longe
966 3638 1084 3692 remota,

99 3724 202 3766 veteres
213 3734 220 3775 ;
234 3722 264 3763 ut
274 3721 301 3763 et
309 3710 351 3762 lib.
359 3710 415 3775 Ill,
427 3709 467 3762 El.
477 3725 526 3776 ιιι,
576 3717 701 3776 tanquam
712 3707 739 3760 in
752 3709 813 3761 caelo
826 3707 979 3771 exsistentia.

103 3810 135 3844 :e
148 3787 234 3842 Effice
246 3788 279 3839 sit
289 3786 363 3838 nobis
375 3804 430 3838 non
440 3784 528 3854 impla·
609 3787 649 3838 82.
665 3787 735 3851 Qnr'd
745 3783 885 3851 bideseres.
900 3786 978 3834 baras
991 3782 1086 3836 melio-

99 3867 175 3932 rira,
195 3865 294 3933 Meque
309 3862 365 3916 loco
378 3863 439 3932 poni
455 3882 529 3916 corn-
578 3882 628 3915 res.
640 3862 742 3917 Herus.

99 3963 142 3998 >re
153 3941 231 4005 velit;
245 3963 258 3988 »
275 3941 316 3994 lib.
334 3941 383 4008 IV,
400 3940 472 4010 Eleg.
487 3957 528 4007 rr,
610 3941 651 3994 83.
661 3944 767 4009 Scriptis
777 3942 928 3992 melioribus.
940 3940 1027 3993 Immo
1037 3960 1086 3994 me·

105 4042 138 4076 a«
151 4021 181 4075 si
192 4021 250 4089 quis
261 4019 288 4071 in
302 4019 349 4072 hac
360 4019 445 4088 ipsum
459 4029 530 4071 terra
577 4021 704 4072 diocribus
714 4036 776 4072 cum
783 4017 967 4071 vetustioribus
974 4019 1087 4073 maxima

99 4110 148 4155 ner
157 4099 308 4151 Homerum
318 4117 325 4159 ;
334 4118 347 4141 u
361 4095 453 4162 Silius,
463 4095 530 4148 libro
582 4106 706 4165 exparte.
719 4095 756 4147 H.

99 4177 168 4231 reb:
182 4196 195 4223 α
208 4175 346 4244 Extemplo
353 4175 449 4243 positos
461 4173 530 4226 finiti
605 4175 645 4227 85.
657 4175 806 4242 Tuncquarn
814 4171 1088 4239 measarnaetc.Tunc
