2624 4816
174 449 243 516 nx
269 447 577 517 rourocrn.
603 443 866 519 1unr1sr.
892 452 1000 521 xrv.
1058 448 1122 546 473

55 590 147 671 Gens
162 617 235 663 mea
252 587 401 682 Peligni,
420 591 578 689 regioque
597 591 776 666 domestica
793 591 927 683 Sulmo,

99 709 177 779 Non
195 706 308 807 potuit
323 706 446 779 nostris
464 705 570 778 lenior
587 735 657 780 esse
673 707 776 782 maiis.
1088 729 1122 780 50

52 819 162 915 Quem
178 818 230 890 vix
250 817 411 892 incolumi
428 819 581 918 cuiquam
599 819 756 920 salvoque
773 821 915 912 daretis,

97 941 135 1010 'ls
153 936 250 1009 datus
267 965 286 1010 a
302 937 400 1010 vobis
420 955 470 1009 est
488 937 569 1011 mihi
587 965 693 1039 nuper
709 939 829 1013 honor.

53 1051 153 1126 Solus
168 1051 277 1124 adhuc
294 1080 355 1147 ego
373 1082 446 1126 sum
465 1055 581 1128 vestris
598 1055 755 1128 immunis
772 1056 809 1127 in
828 1055 913 1144 oris,

18 1221 21 1225 «
101 1170 278 1269 Exceptis,
298 1170 326 1244 si
347 1170 404 1269 qui
421 1199 556 1245 munera
574 1170 656 1267 legis
672 1173 806 1251 habent„

51 1289 219 1384 Tempora
238 1303 363 1358 sacrata
377 1313 448 1358 mea
466 1305 545 1359 sunt
562 1287 668 1360 velata
686 1317 826 1376 corona,

102 1400 263 1475 Publicus
279 1401 383 1474 invito
402 1431 501 1501 quam
515 1402 607 1474 favor
618 1403 790 1503 imposuit.

55 1521 166 1616 Quam
186 1538 275 1614 grata
295 1535 346 1592 est
359 1520 465 1621 igitur
480 1523 613 1593 Latona
626 1519 721 1594 Delia
738 1520 854 1608 telius,

102 1633 235 1706 Erranti
250 1650 359 1705 tutum
377 1662 449 1732 quae
467 1632 558 1707 dedit
575 1663 641 1706 una
657 1634 788 1723 locum,

54 1749 237 1822 Tam'mihi
255 1777 327 1821 cara
342 1750 478 1837 Tomis3
496 1749 603 1849 patria
622 1778 694 1850 quac
711 1751 786 1824 sede
802 1749 924 1845 sugatis

105 1867 253 1967 Tempus
269 1867 310 1939 ad
326 1867 390 1939 hoc
406 1867 505 1939 nobis
522 1868 655 1967 hospita
671 1867 736 1940 fida
753 1884 871 1939 manet.

57 1984 104 2055 Di
119 1983 220 2055 modo
237 1983 410 2068 fecissent,
431 1981 567 2084 placidae
583 2011 674 2083 spem
691 2001 805 2082 posset
821 1982 942 2055 habere

106 2097 222 2183 Pacis,
241 2115 274 2170 et
290 2128 307 2170 a
326 2096 433 2191 gelido
452 2095 588 2191 longius
604 2125 664 2169 axe
681 2096 788 2170 foret!

91 2251 131 2321 tp
151 2251 220 2302 Gens
237 2269 293 2302 mea
308 2251 414 2317 Peligni.
433 2249 492 2302 Non
513 2268 567 2318 po·
617 2256 703 2300 tarum
720 2247 872 2300 testimonio
886 2267 892 2300 :
906 2247 951 2301 ubi
966 2247 1066 2300 Latona
1081 2265 1125 2300 eos

57 2327 278 2395 tuissetmeregio
287 2338 313 2379 et
323 2327 405 2395 patria
414 2346 473 2380 mea
482 2327 567 2379 lenius
617 2325 732 2395 peperit,
742 2325 991 2396 Pythoneserpente
1000 2325 1124 2390 liberata,

58 2405 193 2474 accipere,
214 2424 293 2473 quam
312 2424 434 2473 accepere
447 2405 567 2458 Tomitae.
618 2415 647 2457 ut
661 2404 812 2457 fabulantur
823 2414 915 2472 poetae.

93 2484 236 2538 50.Potu1·t.
252 2485 305 2536 Pro
313 2488 439 2550 potuim!
453 2483 568 2551 positum
652 2485 960 2552 neomeniarumque.
972 2484 1126 2552 QuumJu-

58 2560 173 2614 videtur.
187 2560 267 2615 Cror.
618 2583 655 2618 no
664 2564 792 2617 Latonam
804 2563 936 2633 gravidam
945 2576 1125 2634 cognosceret,

92 2640 132 2694 53.
146 2643 250 2694 Vestro.
263 2642 361 2693 Geticis
376 2661 444 2694 unus
456 2641 569 2695 Heinsii.
618 2641 736 2695 immisso
750 2653 841 2696 contra
855 2642 926 2694 illam
936 2641 1058 2713 Pythone
1070 2662 1127 2695 ser·

93 2719 134 2782 54.
151 2717 273 2783 Exceptis
290 2723 377 2785 siqui
391 2738 493 2771 munera
507 2725 571 2786 [εμὲ
619 2731 714 2790 pente,
726 2732 1126 2790 peromnemterramprosecu-

59 2799 159 2851 babeat.
179 2797 299 2865 Exceptis
317 2798 367 2851 iilis
379 2838 386 2865 ‚
407 2800 451 2867 qui
471 2800 570 2869 legibus
619 2810 646 2852 ta
657 2808 704 2852 est.
717 2798 787 2867 Qua}
798 2797 906 2852 tandem
918 2814 999 2867 quum
1010 2796 1041 2850 ad
1051 2797 1127 2851 litora

59 2874 194 2927 consecuti
207 2885 269 2928 suut
281 2875 476 2930 immunitatem
489 2918 496 2945 ,
512 2897 570 2946 quae
620 2879 699 2932 maris
710 2878 1003 2949 pervenisset,asorore
1010 2889 1128 2946 suscepta

60 2949 173 3004 dabatur
181 2951 233 3017 his,
244 2953 289 3021 qui
298 2952 424 3024 Olympia
435 2954 569 3022 vicissent,
618 2955 668 3009 suit
676 2995 684 3022 ,
701 2966 812 3010 canente
825 2953 939 3023 ovidio,
956 2953 1053 3007 lib.V1
1064 2953 1128 3006 Me-

62 3042 90 3085 et
98 3033 145 3101 qui
152 3033 257 3103 aliquod
267 3033 402 3102 egregium
413 3034 513 3088 saciuus
523 3055 571 3105 pro
621 3033 752 3102 tamorph.
769 3033 817 3098 334
829 3052 835 3085 ε
849 3053 862 3078 «
879 3030 1012 3085 Orantem
1030 3031 1128 3100 accepit

61 3111 145 3178 patria
156 3111 285 3165 fecissent
297 3111 368 3164 Dicit
379 3131 442 3181 ergo
454 3113 496 3166 hic
504 3112 572 3167 Ovi·
620 3123 684 3166 tunc
692 3131 775 3182 quum
783 3112 845 3164 levis
856 3113 941 3165 insula
952 3113 1046 3185 nabat5
1056 3133 1069 3158 a
1079 3112 1129 3165 hoc

62 3186 120 3241 dius
132 3187 211 3243 nuliis
221 3190 337 3256 legibus,
351 3200 395 3242 aut
409 3190 509 3245 meritis
519 3211 572 3244 sea
620 3203 660 3244 est
666 3213 677 3258 ,²
686 3190 783 3258 Delos,
800 3209 858 3260 quae
870 3190 919 3243 aiio
929 3190 1038 3243 nomine
1053 3191 1130 3261 Orty-

63 3267 213 3322 Tomitanis
222 3268 320 3322 civibus
331 3269 482 3323 adsecutum
492 3270 571 3324 fuisse
620 3273 664 3336 gia
676 3267 778 3321 dicitur.
790 3296 823 3307 —
835 3271 946 3321 Erranti.
963 3268 1005 3320 De
1020 3267 1134 3319 Latonae-

63 3345 337 3414 irnmunitatem:quae
346 3346 573 3401 neminiconcessa
622 3346 753 3399 erroribus
763 3347 886 3418 Hymnos
894 3345 1008 3399 Homeri
1016 3342 1129 3397 etCalii·

63 3424 151 3479 iuerat
163 3424 191 3477 in
203 3443 233 3477 ea
246 3426 310 3478 urbe
321 3466 327 3487 ,
342 3425 391 3478 nisi
405 3425 451 3479 his.
622 3424 708 3477 machi
716 3423 920 3479 vido-Tutum
929 3429 1018 3478 Iocum.
1028 3421 1129 3476 Locum

97 3507 139 3558 55.
160 3507 259 3558 Corona
280 3517 391 3558 sacrata.
416 3504 523 3558 Corona
543 3526 574 3559 ex
622 3513 712 3556 tutum
729 3503 762 3555 ad
778 3502 942 3572 pariendum.

63 3581 163 3636 hedera
186 3582 289 3636 Baccho
309 3602 401 3649 sacra,
424 3602 475 3652 qua
490 3593 574 3653 poetae
656 3584 695 3653 59
707 3583 908 3635 Tanaiticum
916 3583 1015 3633 Tamus.
1024 3577 1075 3631 Alii
1084 3581 1129 3631 To
1223 3598 1225 3602 ’

64 3657 132 3727 elegi
144 3661 346 3713 coronabantur.
622 3659 817 3728 mos‚·Combii,
827 3659 958 3725 Famesii,
967 3657 1127 3726 Twisdenii,
1180 3654 1183 3660 ’

99 3735 138 3789 56.
155 3739 238 3802 Quam
250 3741 368 3802 publicus
377 3740 463 3806 favor.
482 3739 574 3808 Quam
624 3738 867 3793 etunusMediceus
879 3739 1051 3800 Tomisnecte
1061 3750 1131 3787 :mo-

65 3833 194 3869 corouam
204 3816 279 3869 favor
287 3819 408 3872 omnium
419 3821 516 3874 civium
524 3821 576 3873 To·
624 3820 710 3874 nitum
718 3820 787 3872 notis
796 3818 875 3870 Triat.
886 3815 938 3882 111,
950 3815 1038 3881 Etnx,
1047 3835 1083 3867 vs.
1089 3814 1129 3868 33.

65 3891 239 3947 mitauorum.
625 3899 662 3950 H.
671 3927 704 3938 -
718 3901 781 3949 Tam
794 3897 861 3946 mihi
872 3914 935 3946 cara
951 3897 1046 3946 domus.
1062 3894 1131 3947 Tam

100 3974 141 4040 ⁵⁷·
153 3974 314 4027 Latomtc.
324 3973 406 4028 Matri
414 3974 541 4044 Apollinis
549 3985 576 4027 et
624 3976 690 4030 mihi
704 3986 744 4030 est
758 3983 830 4042 graia
841 3971 916 4027 sedes
932 3982 958 4025 ei
971 3971 1131 4025 domicilium

65 4046 282 4102 Dianae.-De11a
292 4055 375 4105 tellus.
385 4053 467 4108 Delos
475 4053 574 4121 insuia,
625 4054 696 4123 quod
707 4063 746 4106 est
758 4049 822 4103 mihi
834 4050 862 4102 in
875 4051 940 4102 urbe
949 4049 1097 4103 Tomitana.

67 4145 127 4196 quc
137 4138 177 4182 est
187 4127 215 4181 in
226 4129 293 4180 mari
301 4130 577 4202 AEgeo‚Apoilinisac
623 4190 631 4207 ι
657 4132 697 4185 6ι.
712 4132 824 4183 Placide
835 4147 902 4195 spem
909 4137 1003 4197 posset.
1020 4131 1132 4182 Placido

66 4203 163 4261 Dianae
173 4205 308 4261 nativitate
317 4210 491 4264 cantatissima
497 4248 505 4278 ,
516 4229 579 4279 poe·
625 4228 691 4276 spem
699 4212 776 4276 pacis
789 4209 888 4259 abunt
897 4208 989 4260 Posset
998 4217 1046 4273 etc.
1061 4204 1137 4258 Leid.
