2624 4816
116 367 183 453 224
315 387 347 449 ῃ
386 370 425 436 r.
458 369 637 438 ov1n11
664 369 892 443 ussoms
959 380 962 385 ·

116 514 225 609 Quam
242 508 353 583 multae
371 510 484 606 gracili
502 528 628 586 terrena
644 513 707 586 sub
722 514 841 589 horrea
856 516 942 592 ferre

161 625 280 700 Limite
298 624 443 698 formicae
460 653 559 719 grana
576 644 704 726 reperta
718 626 842 716 solent;
1140 657 1168 725 40

112 743 196 815 Tam
212 771 263 814 me
280 739 492 814 circumstant
509 740 690 816 densomm'
703 745 801 818 turba
816 744 997 821 malorum:
1181 750 1183 755 ’

164 854 268 929 Crede
285 853 386 941 mibi;
402 883 478 939 vero
496 872 547 929 est
561 873 676 930 nostra
693 857 824 957 querela
839 859 958 933 minor.

115 982 178 1055 His
194 979 252 1080 qui
269 996 443 1054 contentus
458 1008 527 1052 non
545 997 616 1068 est,
635 980 670 1051 in
687 979 768 1055 litus
784 1010 919 1073 arenas,

162 1103 203 1172 In
219 1115 360 1193 segetem
377 1098 505 1199 spicas,
522 1097 558 1170 in
573 1125 662 1177 mare
677 1097 795 1171 fundat
809 1128 921 1200 aquas.

113 1213 367 1313 Intempestivos
382 1211 486 1306 igitur
503 1239 674 1310 compesce
690 1212 843 1299 timores,
987 1282 999 1292 ,
1137 1233 1163 1301 45

163 1329 243 1402 Vela
259 1357 318 1402 nec
335 1329 377 1400 iu
388 1328 497 1402 medio
514 1326 626 1400 desere
641 1344 755 1401 nostra
771 1327 864 1401 mari.v

113 1520 160 1556 seu
168 1518 244 1553 mons
252 1499 302 1552 fnit
311 1498 500 1563 Siciliae3eujus
507 1515 569 1564 ager
577 1496 623 1549 flo·
705 1502 745 1564 41.
761 1500 825 1551 Tam
837 1514 877 1552 me
889 1502 1047 1552 circumstet·
1064 1500 1162 1554 Circue-

115 1581 187 1635 ribus
199 1577 365 1643 abundabat,
377 1575 421 1628 ubi
432 1575 523 1643 optimi
535 1575 618 1629 mellis
673 1584 745 1629 stent
761 1576 854 1646 primae
863 1575 1007 1642 editiones,
1023 1586 1050 1630 et
1060 1575 1130 1631 mutii
1138 1594 1164 1628 ex

115 1656 198 1725 copia.
673 1654 791 1722 scriptis,
812 1652 882 1723 quod
892 1654 989 1707 mutari
1001 1672 1057 1706 uon
1069 1652 1161 1716 debinc

31 1792 33 1796 Α
147 1739 188 1803 4ο.
199 1732 624 1800 Gract'li...Limitesorm1'caegrana
672 1729 749 1799 prim.
762 1729 817 1783 Pal,
829 1740 856 1783 et
874 1729 1000 1783 Arondel.
1008 1732 1163 1791 abeundum

114 1824 215 1880 reperta.
223 1813 297 1879 Virg.
308 1810 371 1863 AEn.
386 1811 435 1875 lV,
444 1812 495 1877 404
500 1829 547 1878 sqq
556 1827 563 1860 ι
571 1830 584 1854 «
599 1809 624 1861 lt
672 1812 811 1862 cricumdat
821 1809 897 1878 prim.
909 1809 988 1864 Polit.
1001 1809 1079 1878 prim·
1092 1806 1162 1861 Vatis.

117 1894 224 1962 uigrum
231 1892 327 1959 campis
336 1910 429 1959 agmen
439 1930 446 1955 ,
456 1890 623 1959 praedamque
672 1899 700 1941 et
710 1899 763 1941 tres
776 1888 825 1941 alii.
837 1890 873 1942 H.

117 1990 166 2040 per
175 1970 268 2022 herbas
288 1969 452 2021 convectant
465 1968 526 2022 caiie
540 1987 625 2036 angu-
705 1969 747 2033 45.
756 1969 887 2035 Compesce
898 1976 1012 2022 tumores.
1026 1970 1129 2021 Timores
1137 1983 1161 2018 ex

116 2058 169 2113 sto,
189 2066 246 2114 pars
259 2047 367 2115 grandia
385 2045 497 2098 trudunt
512 2044 630 2118 Obnixae,
672 2045 780 2114 scriptis.
795 2046 831 2098 H.

116 2125 252 2177 frumenta
265 2125 394 2191 humeris,
407 2134 455 2178 etc.
466 2145 480 2170 »
706 2124 745 2190 46.
758 2125 860 2176 Desere.
877 2126 974 2176 Desine
983 2125 1094 2178 Puteau.

119 2278 1164 2321 mm

414 2385 419 2394 ’
464 2432 699 2522 nnnc-m
726 2383 833 2521 rm.

443 2806 853 2876 ARGUMENTUM.

117 2970 212 3024 Amico
223 2972 351 3038 quaereuti
363 2970 425 3039 quid
439 2983 527 3041 ageret
537 2973 564 3023 iu
577 2969 700 3042 Scythia,
721 2968 862 3038 respondet
878 2968 994 3023 breviter
1006 2967 1135 3038 Ovidius,
1149 2987 1172 3024 sa

150 3055 277 3106 miserum
290 3073 353 3108 esse.
369 3056 545 3108 Postmodum
561 3055 709 3107 Tomitanae
725 3053 839 3122 regionis
856 3051 1003 3105 incolarum
1023 3071 1112 3108 mores
1129 3053 1175 3106 de·

152 3137 247 3190 scribit.
259 3138 364 3190 Deinde
377 3138 456 3204 dicit,
474 3139 566 3192 studiis
577 3139 684 3207 poeticis
693 3138 813 3190 animum
827 3136 956 3204 detineri,
972 3154 1002 3189 ac
1014 3136 1101 3205 pasci,
1118 3146 1145 3190 et
1153 3153 1176 3190 se

147 3210 306 3274 carminibus
317 3222 384 3274 mala
400 3240 447 3275 sua
459 3221 580 3275 oblivisci.

28 3457 33 3467 -
120 3377 257 3501 QUAM
274 3397 372 3496 legis,
389 3429 428 3474 ex
443 3400 501 3475 illa
518 3401 579 3475 tibi
597 3402 687 3475 venit
703 3398 842 3504 epistola
859 3402 965 3492 terra,

165 3524 269 3594 Latus
288 3520 348 3593 ubi
365 3520 523 3620 aequoreis
540 3520 675 3594 additur
690 3524 776 3594 Ister
791 3520 904 3621 aquis:

118 3633 155 3706 Si
173 3635 235 3707 tibi
253 3633 417 3729 contingit
433 3660 508 3707 cum
525 3632 614 3708 dulci
631 3634 697 3707 vita
714 3632 837 3722 salute,

152 3828 175 3859 2.
193 3810 322 3877 AEquorer's
331 3808 452 3876 lbugitur
465 3810 530 3860 Ister
544 3813 625 3876 aqur‘s.
674 3806 708 3859 ibi
720 3825 747 3858 se
756 3815 880 3859 exoneret
892 3805 919 3858 in
928 3803 1088 3874 Oceanum,
1100 3810 1126 3862 τὲ
1136 3811 1184 3861 ad·

119 3883 233 3939 Additur
249 3887 325 3954 prim.
343 3886 399 3939 Pol.
416 3884 492 3954 priru.
505 3885 624 3939 Vaticau.
672 3891 741 3955 dt'tur
751 3884 1013 3949 admittendumduxi
1022 3907 1029 3949 ;
1039 3888 1118 3941 Pont.
1131 3888 1185 3963 Il-i,

120 3961 197 4030 prim.
210 3961 265 4015 Pal.
277 3975 304 4016 ct
316 3963 392 4017 multi
405 3964 447 4016 atii
460 3983 490 4015 ex
501 3963 624 4015 meliori·
673 3967 746 4037 Eleg.
758 3985 789 4034 V,
801 3987 832 4020 2:
846 3988 860 4013 s
874 3966 924 4019 His
933 3966 978 4019 ubi
985 3967 1104 4023 ceruleis
1114 3967 1185 4038 jun-

118 4039 181 4102 bus;
192 4043 313 4095 nonnulli
324 4037 486 4113 cumprimis
500 4042 631 4118 editioni-¹
674 4048 745 4118 gitur
758 4048 826 4101 Ister
835 4047 915 4116 aquis.
927 4068 941 4093 a
950 4047 987 4103 H.

119 4119 183 4185 bus,
202 4122 270 4172 Ister
284 4125 375 4176 aditur.
393 4123 445 4178 Sed
462 4141 544 4192 quum
558 4121 625 4177 Ister
705 4125 728 4177 3.
740 4127 874 4193 Contrbgit.
888 4126 1027 4193 Contegere?
1036 4124 1134 4193 arrrrlti.¹
