2624 4816
111 373 178 457 uua
452 374 555 442 nic.
582 370 841 445 nerustns

114 514 214 587 Haud
231 512 336 587 facilis
352 514 432 586 rnihi
452 543 563 614 pugna
580 515 644 589 luit
661 545 736 591 cum
752 515 825 591 labe
842 518 1026 618 pudenda,

163 631 339 730 Temporis
355 629 462 704 allerit
484 659 582 732 quam
600 661 691 706 mora
709 632 807 729 longa
823 635 907 708 viro.

112 742 167 818 sic
185 774 317 845 quoque
335 747 502 845 perunctis
519 748 670 849 superavi
690 749 784 821 taedia
800 776 915 853 curaeq
1162 770 1187 824 25

164 863 324 936 successu
344 863 491 937 studium
510 893 569 938 nec
588 884 678 940 vacat
697 894 793 940 omne
810 894 883 940 suo.

116 979 240 1053 Menda
254 978 397 1074 relegata
413 999 463 1054 est
478 983 609 1072 atensis
626 981 768 1083 plurima
785 982 934 1057 chartis:

165 1096 317 1170 Cumtior
339 1097 524 1171 Ausonium
541 1098 606 1196 jani
625 1097 712 1172 videt
730 1097 784 1171 ille
803 1099 903 1173 diem.

120 1208 255 1285 Exsulis
270 1211 425 1286 immeriti
444 1213 579 1288 reduces
597 1232 683 1298 tere,
705 1216 828 1309 Bonna,
851 1213 1015 1303 libellos,

168 1331 323 1404 Nominis
341 1330 408 1403 ulla
427 1332 569 1432 supersi
590 1331 650 1403 tibi
669 1361 745 1404 cura
764 1332 811 1404 tui
826 1350 891 1408 est.

121 1451 226 1534 Ecce,
245 1447 440 1548 Cupidineis
459 1448 550 1548 quod
567 1448 675 1520 saucia
695 1449 794 1520 turba
811 1448 965 1544 sagittis,

171 1566 246 1635 Non
265 1563 461 1635 damnaturo
483 1563 631 1647 Caesare,
651 1561 760 1635 volvat
780 1591 865 1663 opus
882 1593 891 1649 ;

123 1682 199 1780 lpse
217 1679 286 1755 suis
302 1681 440 1781 posthae
457 1680 581 1754 fidibus
599 1681 690 1779 quod
709 1681 842 1754 mandet
856 1680 1011 1782 Apollo;

175 1795 281 1891 Quod
300 1823 395 1867 soror
414 1794 525 1867 Aonio
542 1792 626 1867 colle
643 1823 770 1867 novena
787 1811 906 1881 canat,

127 1913 298 2005 Degener,
316 1928 349 1983 et
367 1907 451 1984 nulli
469 1909 579 1983 Caesar
594 1909 754 1984 laudande
773 1929 898 2011 poetae,

177 2026 351 2100 Dardanus
369 2025 522 2099 Anchisae
537 2044 616 2101 tune
631 2026 734 2100 ferare
752 2029 882 2128 nepos?

128 2145 224 2216 Tune
243 2141 443 2242 Cytheriaca
460 2141 649 2219 censendus.
658 2143 797 2237 originis
811 2144 905 2217 heres
918 2144 934 2216 ἲ

181 2259 272 2356 Quid
292 2258 369 2345 tibi,
387 2258 715 2358 quidLatiotverba,
733 2276 884 2345 cruente,
902 2257 1040 2335 dabas?

132 2382 208 2452 Hoc
226 2397 257 2451 te
276 2378 462 2452 mendacem
480 2376 587 2451 scelus
599 2376 709 2472 arguit
725 2407 733 2450 :
747 2377 821 2480 ipsa
837 2378 949 2452 Dione

184 2495 365 2596 Exsequias
381 2494 608 2567 vaticreditur
623 2494 689 2568 isse
704 2524 775 2567 suo.

133 2619 210 2716 Ipsa
228 2614 288 2685 viri
305 2613 457 2687 comitata
475 2612 588 2706 fugam
605 2612 661 2711 pia
679 2613 966 2714 Divaraternque,

184 2731 294 2804 Ionias
311 2729 428 2831 spissis
447 2728 580 2801 fletibus
594 2727 689 2800 auxit
705 2757 817 2828 aquas.

139 2851 270 2943 Unguis
288 2850 322 2921 in
341 2843 396 2922 ore
416 2847 527 2930 sedet,
538 2845 629 2918 ⁴lacer
645 2845 760 2918 horret
777 2847 812 2917 in
830 2873 886 2918 ore
903 2845 1067 2947 capillus,

188 2965 303 3038 Livida
321 2965 457 3037 rescissa
475 2979 610 3063 pectora
624 2981 713 3035 reste
730 2961 852 3055 rigent,

141 3083 216 3154 Hoc
232 3081 349 3152 habitu
368 3080 486 3154 vulnus
504 3107 575 3150 non·
587 3074 791 3151 consolabile
809 3077 978 3177 quondam
1183 3100 1211 3170 45

192 3197 364 3283 Prodidit,
383 3197 520 3270 invisam
538 3195 592 3269 rix
609 3196 695 3268 bene
712 3222 808 3294 passa
824 3193 928 3280 diem,

144 3317 251 3391 Unica
270 3314 347 3387 durn
364 3331 495 3414 raptum
511 3313 582 3385 sibi
598 3312 718 3408 gaudia
736 3329 853 3385 moeret
869 3329 1055 3401 amantem,

196 3437 304 3531 Quem
321 3431 410 3504 ierus
428 3428 569 3528 obliquo
589 3429 686 3502 dente
704 3446 834 3503 necarat
852 3454 938 3529 aper.

147 3552 285 3652 Optavit
304 3550 434 3622 funesta
450 3546 556 3631 mori,
574 3544 750 3646 doluitque
768 3544 911 3646 cupitam

197 3669 251 3741 Ad
273 3668 373 3766 Styga
390 3662 547 3766 praecludi
563 3661 657 3737 triste
670 3664 807 3736 Deabus
824 3662 896 3736 iter.

149 3788 227 3858 Hac
246 3801 379 3884 praestat
400 3780 475 3869 tibi,
494 3779 600 3865 Diva,
620 3795 697 3853 tuus
716 3779 832 3852 solatia
851 3782 974 3866 Caesam

198 3901 376 3996 Sanguinis
393 3917 562 3972 auctorum
578 3897 625 3970 sic'
643 3897 732 3970 soret
749 3894 803 3969 ille
817 3892 878 3968 sui.

148 4015 230 4089 Vela
247 4015 338 4087 dedit
355 4013 501 4114 legitque
515 4032 614 4088 mauu
633 4011 766 4106 lugente
783 4009 915 4098 carina,

197 4133 365 4230 Armaque
381 4128 508 4204 Nasoni
522 4127 621 4202 noxia
638 4126 731 4227 rupit
746 4126 860 4199 Amor.
