2624 4816
134 400 200 467 228
415 401 455 466 P.
489 400 665 471 OVIDII
702 402 928 478 NASONIS
1018 492 1021 497 Ι

182 537 351 635 Quaelibet
368 567 384 611 e
402 539 512 613 medio
530 541 665 614 reddere
682 543 780 616 verba
799 564 907 644 queat
926 546 936 555 ’

130 656 192 733 Ille
210 684 270 751 ego
289 656 460 728 Romanus
477 673 587 740 vates,
604 656 781 750 ignoscite,
800 661 921 749 Musae,

180 773 361 849 Sarmatico
380 800 484 867 cogor
500 771 640 872 plurima
655 800 745 847 more
759 774 863 875 loqui.

129 894 184 967 En
201 890 321 991 pudet,
341 905 373 962 et
388 889 509 973 fate0r3
526 889 591 986 jam
611 889 824 965 desuetudine
842 891 943 989 longa

177 1006 242 1079 Vix
260 1003 405 1078 subeunt
419 1004 484 1105 ipsi
503 1005 600 1076 verba
619 1005 734 1077 Latina
752 1007 844 1080 mihi.

127 1123 198 1196 Nec
218 1118 355 1206 dubito,
376 1118 457 1216 quin
476 1119 542 1190 sint
562 1136 594 1191 et
613 1119 646 1190 in
663 1119 726 1191 hoc
744 1149 812 1192 nou
828 1149 932 1221 pauca
947 1121 1062 1198 libello

177 1233 344 1308 Barbara:
360 1261 426 1303 nou
444 1230 586 1303 hominis
603 1229 719 1331 culpa,
738 1233 795 1306 sed
814 1234 876 1307 ista
894 1233 970 1308 loci.
1145 1260 1170 1312 o

125 1354 177 1427 Nc
195 1369 301 1422 tamen
320 1346 475 1419 Ausonia
493 1346 627 1445 perdam
646 1348 839 1421 commercia
857 1347 995 1444 lingua,

174 1465 219 1536 Et
233 1461 290 1534 fiat
308 1447 415 1560 patiio
435 1488 499 1531 vox
518 1487 586 1531 mea
605 1478 692 1532 muta
711 1488 818 1547 souo;

123 1583 201 1681 lpse
219 1577 340 1677 loquor
358 1604 501 1662 mecum,
523 1574 722 1675 desuetaque
740 1577 839 1650 verba
856 1595 1019 1669 retracto,
1040 1642 1043 1647 .

59 1771 61 1775 .
171 1696 218 1770 Et
233 1691 334 1768 studii
352 1709 466 1792 repeto
485 1691 577 1784 signa
594 1691 726 1765 sinistra
743 1693 817 1766 mci.
984 1684 989 1691 ¹

123 1811 178 1886 sic
197 1810 341 1883 animum
361 1826 558 1909 tempusque
576 1809 688 1894 traho;
707 1838 824 1909 meque
838 1792 911 1910 ipsc
927 1810 1051 1885 reduco
1139 1827 1165 1880 at

171 1927 203 2000 A
220 1923 443 2024 contemplatu
460 1925 708 2025 submoveoque
725 1923 813 1998 mali.

125 2041 338 2116 Carminibus
356 2069 466 2140 quaero
484 2039 675 2114 miserarum
693 2041 816 2114 oblivia
831 2070 963 2120 rerum:

171 2156 309 2229 Praemia
327 2157 356 2229 si
374 2155 485 2228 studio
502 2182 691 2254 consequor
706 2156 785 2243 ista„
801 2173 851 2251 sat
867 2173 930 2230 cst.

121 2328 159 2382 ita
170 2326 213 2380 itte
232 2326 339 2396 saepius,
360 2344 465 2379 necnon
479 2336 506 2381 et
519 2327 561 2380 alii
573 2345 628 2396 op-
676 2327 809 2396 antiquis,
826 2329 869 2380 En
882 2332 964 2396 pudet
973 2348 984 2396 ,·
1004 2331 1128 2400 quomodo
1144 2335 1164 2379 et

120 2409 193 2463 timae
204 2419 275 2462 notre
286 2407 432 2477 scriptores.
676 2404 765 2474 priscae
776 2403 912 2458 editiones.
926 2408 963 2459 H.
1159 2461 1164 2469 ,

155 2489 195 2540 55.
213 2487 271 2553 Ipse
288 2505 333 2553 ego
349 2488 480 2538 Romanus
491 2493 570 2538 vales.
583 2489 631 2540 Ille
709 2483 750 2546 64.
762 2484 847 2534 studit*
855 2489 931 2551 sim
941 2491 1048 2539 sinistra
1054 2482 1164 2539 uector·

118 2583 165 2631 egro
176 2561 282 2632 plurimi
294 2574 409 2616 veteres:
422 2571 448 2613 et
459 2573 540 2623 recte;
550 2581 628 2631 supra
678 2571 703 2613 te
713 2599 721 2626 ,
733 2578 810 2613 sacra
821 2566 934 2614 simtrra.
946 2563 983 2616 Η.

120 2641 165 2694 tib.
178 2640 232 2706 IV,
247 2637 321 2708 Eieg.
330 2656 347 2690 x
358 2678 366 2706 ,
376 2657 442 2691 vers.
455 2659 483 2702 1,
497 2659 511 2685 a
524 2639 570 2692 ltte
579 2658 628 2707 ego
709 2639 749 2691 55.
763 2640 806 2690 Sic
822 2643 934 2691 aurinum
950 2650 1092 2711 tempusque
1104 2640 1167 2695 emto.

120 2719 166 2788 qui
183 2718 281 2771 inerim
295 2729 449 2770 tenerorum
465 2717 537 2770 lusor
553 2737 629 2770 amo-
677 2715 718 2768 Eo
731 2715 812 2769 modo
819 2717 922 2770 animus
935 2719 1060 2786 quiescit,
1073 2731 1098 2773 et
1108 2714 1168 2773 [³15⁴

119 2817 189 2852 rum.
201 2820 215 2845 ν
225 2797 404 2862 Amorib.111,
414 2796 455 2849 ΕΙ.
465 2812 532 2862 vm,
540 2817 576 2850 vs.
586 2797 626 2862 23,
676 2804 730 2858 tur,
741 2804 768 2846 et
776 2803 879 2861 tempus
889 2794 924 2847 ita
931 2793 1172 2863 productius-tta

122 2897 136 2922 «
147 2876 250 2945 liieego
259 2875 397 2927 Musarum
410 2894 505 2943 purus,
517 2874 629 2928 Phoebi-
675 2874 748 2923 duco.
763 2872 899 2924 Removeo
917 2873 1044 2940 tantisper
1057 2893 1073 2926 a
1086 2873 1173 2927 moles·

120 2973 171 3023 que
185 2951 313 3007 sacerdos.
328 2974 342 2998 u
356 2953 434 3005 Pont.
447 2952 489 3006 tib.
509 2953 536 3018 1,
554 2952 627 3022 Eieg.
676 2949 725 3001 riis.
738 2950 816 3002 Muto

128 3044 153 3094 1,
166 3047 231 3081 vers.
242 3028 288 3092 35,
298 3051 312 3076 s
323 3028 369 3080 Ide
379 3047 428 3097 ego
437 3049 512 3094 sum,
525 3029 627 3097 lignum
710 3028 750 3080 66.
758 3029 920 3098 Semoreoque
927 3020 1184 3100 mltsubmomqffl

117 3104 163 3175 qui
176 3124 230 3158 uon
245 3104 367 3158 admittar
378 3106 403 3157 in
414 3106 496 3158 udum
505 3145 512 3171 ,
521 3106 567 3159 ltle
578 3125 627 3174 ego
675 3105 809 3168 meliores;
823 3108 899 3161 multi
908 3109 1004 3175 etiam,
1017 3111 1191 3181 omoeoque·

99 3178 191 3248 ‘surm
209 3182 306 3235 trustra
317 3183 362 3249 qui
379 3181 441 3250 lapis
454 3202 508 3235 esse
519 3182 626 3233 velim.»
707 3182 747 3234 68.
760 3185 868 3236 Premis
880 3190 907 3237 si
915 3190 1008 3239 studio.
1023 3187 1093 3241 Satis
1103 3195 1198 3251 mass‘

116 3261 210 3315 eadem
223 3258 426 3328 Eteg.vs.131‚«
437 3257 624 3327 tlteegosum,
675 3277 740 3311 num
751 3260 891 3328 praemium
901 3280 945 3314 me
958 3263 1073 3317 arbitror
1084 3268 1204 3320 τοῦθ’

117 3340 200 3409 quite
214 3337 290 3391 colui.
306 3359 320 3383 u
338 3337 374 3390 Et
389 3356 464 3404 mox,
481 3339 534 3391 133.
553 3359 565 3381 r
578 3337 625 3392 ltte
674 3347 774 3404 cutum,
781 3338 802 3390 si
809 3339 1025 3407 tranquillitatem
1033 3331 1211 3398 animisob

115 3438 181 3490 ego,
194 3416 238 3488 qui
246 3415 298 3470 dixi
306 3425 404 3470 vestros
413 3417 579 3487 Hymenaeon
592 3415 625 3468 ad
673 3415 735 3469 inde
742 3416 902 3470 carminibus
909 3417 1037 3472 faciendis
1047 3413 1211 3491 adipiscff‘

114 3499 195 3570 ignes.
209 3521 223 3544 ν
235 3498 272 3551 Η.
674 3494 704 3547 P.
716 3495 786 3546 -Se'
791 3514 935 3564 consequar.
950 3498 1096 3566 Consequor
1103 3491 1211 3568 peril*

148 3576 321 3646 ipwael,
334 3571 625 3642 etsateor.Pleriqueex
674 3574 759 3628 Vatic
770 3585 798 3628 et
811 3593 880 3628 uuus
892 3574 991 3630 Medic.
1002 3576 1040 3630 Η.
1067 3622 1074 3629 .

525 3857 763 3884 ιιι-ο-
