2624 4816
235 104 511 173 rmsrrmu
535 106 634 175 Lm.
664 109 709 179 v.
735 111 888 181 nnnc.
915 116 1008 185 ΧΗ.
1090 121 1158 215 ,39

89 290 1153 335 Q

431 435 664 521 ELEGIA
692 440 806 525 XII.

547 613 692 627 —-

422 752 826 823 ARGUMENTUM.

74 909 182 962 Amico
194 911 312 965 hortanti
324 923 353 965 ut
365 911 461 981 aliquid
473 913 597 967 scriberet
606 953 613 981 ‚
623 916 766 984 respondet
777 929 868 988 poeta,
877 940 1016 994 causasque
1026 926 1156 998 adsignat,

117 992 200 1045 curid
210 993 258 1046 sibi
268 994 355 1048 lacere
367 1013 422 1047 non
432 995 515 1049 liceat.
526 996 645 1049 Demum
657 998 786 1065 ostendit,
795 1021 822 1055 se
831 1021 885 1055 non
897 1024 969 1073 posse
980 1009 1081 1077 teneri,
1092 1014 1158 1080 quin

116 1093 224 1146 semper
236 1077 334 1146 aliquid
346 1088 503 1148 componat,
520 1080 663 1149 composita
675 1098 738 1132 vero
748 1082 802 1150 igni
814 1084 959 1140 comburat.

72 1227 285 1347 SCRIBIS,
304 1280 342 1334 ut
359 1261 521 1335 oblectem
537 1262 649 1336 studio
666 1262 876 1364 lacrymabile
896 1286 1045 1371 tempus,

130 1372 182 1442 Ne
199 1393 334 1472 pereant
349 1375 438 1476 turpi
455 1394 590 1476 pectora
605 1394 719 1450 nostra
737 1377 814 1451 situ.

67 1481 227 1562 ltifficile
244 1508 310 1578 est,
329 1493 437 1592 quod,
455 1493 571 1581 amice,
586 1521 716 1581 mones3
733 1493 809 1593 quia
825 1497 966 1573 earmina
980 1498 1091 1573 laetum

130 1602 221 1677 Sunt
238 1635 341 1707 opus,
364 1626 396 1681 et
412 1637 525 1710 pacem
540 1610 659 1682 mentis
677 1610 798 1684 habere
817 1611 948 1693 volunt

65 1717 206 1794 Nostra
219 1750 280 1821 per
297 1723 447 1797 adversas
465 1726 574 1819 agitur
588 1725 723 1799 fortuna
739 1728 919 1828 procellas,

128 1824 228 1910 Sorte
245 1867 306 1912 nec
323 1839 391 1914 ulla
409 1869 479 1914 mea
496 1841 626 1914 tristior
643 1870 712 1916 esse
730 1861 853 1942 potest.

63 1952 215 2048 Exigis,
234 1971 272 2027 ut
290 1955 441 2030 Priamus
459 1974 613 2030 natorum
630 1958 665 2029 in
681 1956 793 2030 funere
811 1956 919 2047 ludat,

126 2074 174 2145 Et
190 2073 301 2146 Niobe
317 2072 420 2146 festos
439 2074 538 2148 ducat
555 2091 593 2146 ut
612 2074 693 2147 orba
710 2076 838 2149 choros.

61 2187 260 2276 luctibus,
279 2220 321 2263 an
339 2189 451 2265 studio
467 2189 582 2263 videor
599 2189 718 2263 debere
735 2190 856 2278 teneri,

122 2303 227 2379 Solus
244 2306 278 2378 in
296 2324 459 2381 extremos
474 2306 585 2405 jussus
603 2305 693 2378 abire
715 2305 840 2378 Getas?
1119 2344 1149 2378 ro

63 2421 145 2497 lies
161 2421 239 2497 licet
254 2423 308 2496 hic
324 2424 433 2498 valido
451 2442 568 2525 pectus
586 2423 667 2496 mihi
685 2422 807 2497 robore
823 2422 964 2511 sultum,

105 2606 131 2657 5.
143 2605 196 2655 Per
204 2598 531 2668 adversasagilurfhrtuna.
539 2601 586 2654 Ni-
668 2602 691 2654 8.
706 2604 796 2653 Festos
807 2602 904 2653 choros.
918 2597 1024 2652 Chorus
1038 2599 1144 2659 multo-

62 2679 108 2735 lril
120 2680 287 2749 frequentius
296 2679 409 2746 Ovidio,
424 2699 504 2748 quam
515 2700 585 2733 con·
634 2701 695 2734 rum
703 2680 810 2734 vocibus
819 2690 935 2746 constat,
946 2689 975 2732 ut
983 2678 1080 2733 docent
1090 2680 1146 2734 se-

64 2760 203 2814 ditionem
214 2777 288 2811 suam
297 2777 449 2827 comparare
459 2778 519 2811 cum
528 2777 587 2827 pro
621 2776 624 2781 ·
636 2779 701 2812 neca
712 2769 738 2811 et
752 2756 912 2811 Macrobius.

64 2838 156 2905 cellis,
171 2837 385 2904 tempestatibus,
398 2847 446 2890 etc.
461 2838 491 2890 P.
667 2859 691 2911 9.
709 2841 847 2898 Luctibus,
860 2858 895 2890 an
909 2840 993 2889 studio
1003 2840 1090 2889 videor
1101 2840 1148 2891 de-

104 2939 128 2987 7.
141 2920 261 2971 Priamus
273 2925 388 2969 natorum
397 2917 491 2984 sunere
504 2919 584 2969 ludat.
633 2919 689 2969 bere
697 2921 780 2968 teneri.
790 2917 886 2968 Sludri's
894 2935 962 2968 unus
971 2913 1054 2968 Vatic.
1066 2915 1146 2985 Lege,

67 2998 266 3049 Plaudatrecte
275 2992 585 3047 vetustaeeditionescum
633 2994 744 3045 lusibus
758 3012 793 3044 an
804 2995 888 3045 studii
897 3011 905 3044 :
915 2995 1026 3046 studitam
1045 3003 1071 3045 et
1085 2992 1146 3044 alibi

68 3072 150 3143 prim.
160 3070 243 3125 Palat.
256 3071 333 3141 prim.
348 3071 467 3124 Vatican.
480 3080 507 3122 et
526 3089 586 3138 qua·
633 3089 682 3139 pro
701 3070 789 3124 studio
801 3071 907 3139 poetico
924 3069 1001 3136 dixit,
1018 3079 1049 3122 ut
1067 3088 1145 3138 supra

69 3158 136 3201 tuor
144 3147 201 3201 aliis
215 3147 332 3200 melioris
347 3158 425 3201 notae.
434 3147 470 3199 H.
482 3175 515 3187 -
527 3147 585 3216 Ego
633 3148 677 3201 lib.
686 3150 721 3214 V,
734 3147 921 3219 Eleg.1,ters,
930 3149 980 3216 34,
996 3170 1009 3195 u
1022 3146 1076 3201 Tot
1087 3166 1144 3199 ma·

70 3225 178 3292 reduxi,
191 3229 275 3288 ludat,
290 3224 399 3294 quodex
407 3224 516 3292 antiquo
524 3224 585 3277 scri-
633 3226 657 3279 la
677 3226 851 3294 pertulimus,
874 3244 989 3296 quorum
1011 3224 1144 3277 medicina

71 3316 119 3374 pto
142 3314 278 3374 receperat
300 3301 539 3367 Francosurtensis;
558 3314 584 3357 et
633 3305 758 3373 quiesque
773 3304 868 3370 Nulla,
881 3303 930 3359 nisi
947 3304 975 3355 in
986 3301 1074 3356 studio
1085 3311 1142 3367 est,

75 3385 169 3439 melius
190 3383 334 3454 respondet
351 3383 487 3452 sequenti,
507 3386 588 3436 ducat
633 3381 826 3451 Pieridumque
837 3401 919 3436 mora.
931 3380 992 3432 uti.

73 3468 164 3519 choros
177 3468 282 3517 :ludere
294 3464 366 3535 enim
379 3473 419 3515 est
430 3460 540 3527 saltare,
554 3471 584 3514 ut
667 3478 704 3513 ιι.
715 3463 771 3512 Bes
784 3460 963 3513 ltcetr'mlr'do
970 3464 1061 3523 pectus
1071 3458 1142 3508 mihi.

73 3539 252 3611 Metamorph.
261 3542 313 3605 lll,
322 3542 378 3594 685.
388 3540 495 3593 Praetuli
503 3539 583 3592 etiam
633 3537 703 3590 Mihi
714 3536 837 3590 invalido.
850 3534 904 3590 Sed
916 3534 1011 3587 rectius
1020 3531 1089 3602 legas
1100 3536 1143 3585 lu‘c

73 3628 220 3674 natorumr'n
230 3621 324 3687 sunere
336 3639 397 3673 cum
409 3617 582 3685 Lovaniensi,
631 3617 718 3668 valido
733 3636 741 3668 ,¹
758 3615 816 3682 hic,
837 3612 908 3683 apud
924 3611 1026 3664 Getas:
1045 3611 1143 3664 deinde

78 3706 106 3748 ut
117 3698 227 3752 Remed.
245 3699 307 3751 Am.
324 3697 383 3765 137,
401 3718 415 3742 «
435 3696 503 3764 Quis
520 3714 582 3747 ma·
631 3714 708 3747 versu
727 3693 846 3765 proximo
859 3709 908 3759 pro
928 3690 1013 3761 Anyti
1028 3695 1078 3756 rei,
1094 3708 1144 3743 re-

80 3781 158 3842 trem,
170 3778 219 3830 nisi
231 3777 327 3829 mentis
341 3777 431 3845 inops,
444 3776 472 3828 iu
484 3775 581 3828 funere
631 3791 701 3841 pone
721 3792 763 3825 reo
778 3788 839 3823 cum
856 3767 933 3837 prim.
952 3768 1038 3822 Vatic.
1057 3768 1144 3821 Com-

66 3896 71 3901 .
82 3853 130 3904 nati
141 3854 214 3907 Flere
224 3865 302 3907 vetet.
312 3876 325 3900 »
633 3852 722 3917 biano,
733 3846 932 3916 Rottendorph.
944 3847 981 3901 Η.
