2624 4816
173 436 242 503 ux
266 432 444 500 rouro
467 431 567 499 Lm.
593 429 854 498 1v.ur1sr.
880 429 994 497 v111.
1051 426 1113 512 441

338 756 653 842 EPISTOLA
690 756 827 840 VIII.

513 923 664 943 mm

443 1121 462 1157 *
487 1115 733 1190 SUILLIO.

355 1541 358 1547 ,
410 1473 766 1536 ARGUMENTUM.

53 1632 166 1686 Mortuo
175 1628 315 1698 Augusto,
330 1637 361 1680 ut
375 1627 500 1697 diximus,
514 1628 582 1682 hanc
590 1628 734 1699 Epistolam
745 1629 826 1682 mittit
839 1627 951 1683 Ovidius
960 1627 992 1682 ad
1003 1625 1127 1681 Suillium

88 1713 177 1768 uxoris
188 1732 241 1767 suae
252 1731 397 1783 generum,
410 1712 514 1783 agitque
523 1713 547 1766 ei
560 1714 654 1783 gratias
666 1732 715 1782 pro
731 1714 788 1782 ejus
803 1712 920 1781 Epistola
932 1713 964 1765 ad
978 1732 1005 1766 se
1017 1712 1127 1781 scripta:

89 1800 189 1868 quani,
203 1794 252 1848 etsi
263 1814 323 1848 sero
336 1793 481 1864 perlatam,
494 1797 665 1865 gratissimam
678 1806 766 1848 tamen
776 1794 855 1848 luisse
869 1793 938 1848 dicit.
952 1794 1127 1848 Postmodum

92 1899 157 1934 eum
171 1888 262 1947 rogat,
275 1889 305 1931 ut
318 1877 508 1932 Germanicum
518 1879 652 1948 juniorem
664 1879 712 1932 sibi
722 1877 872 1932 reconciliet
882 1898 889 1932 ι
901 1877 1089 1948 polliceturque
1101 1897 1128 1931 se

91 1963 121 2015 in
140 1962 219 2031 hujus
232 1961 271 2014 rei
285 1962 394 2032 gratiam
407 1982 462 2015 uon
476 1973 628 2016 erecturum
645 1963 670 2015 ei
683 1963 780 2031 templa
792 1962 824 2015 de
837 1981 987 2025 marmore,
1007 1961 1051 2014 sed
1066 1980 1129 2014 car-

92 2048 166 2100 mine
174 2045 372 2114 complexurum
381 2048 437 2117 ejus
450 2047 539 2100 laudes
552 2071 557 2098 ι
571 2047 737 2115 ostenditque
748 2046 814 2099 nihil
824 2066 878 2100 esse
887 2067 960 2117 posse
970 2046 1129 2118 principibus

93 2133 193 2202 aptius,
206 2150 285 2200 quam
300 2132 416 2184 carmine
430 2131 578 2184 officiosum
593 2152 619 2184 se
633 2142 762 2200 praestare.
782 2132 853 2184 Tum
865 2144 956 2187 nactus
969 2134 1131 2186 occasionem

94 2227 189 2286 poeta,
205 2213 327 2268 carminIs
339 2213 518 2268 excellentiam
528 2215 627 2268 extollit
640 2226 829 2284 :precaturque
845 2226 876 2269 ut
886 2217 933 2270 sibi
944 2217 1061 2270 carmina
1070 2234 1130 2286 pro·
1208 2244 1209 2248 ,

94 2301 155 2354 siut.
176 2299 210 2351 Et
225 2297 247 2351 si
263 2317 318 2350 nou
331 2298 410 2366 possit
426 2297 542 2350 reditum
555 2299 582 2351 iu
597 2298 708 2367 patriam
723 2298 858 2364 obtinere,
879 2301 971 2353 saltem
989 2301 1048 2354 urbi
1063 2320 1130 2369 pro-

93 2380 217 2451 pinquius
235 2379 372 2445 exsilium,
392 2398 445 2448 quo
465 2379 546 2447 possit
565 2378 675 2434 Caesaris
693 2390 763 2448 gesta
784 2380 947 2450 intelligere,
968 2392 994 2435 et
1014 2381 1130 2436 carmine

94 2466 236 2520 celebrare.

62 2620 239 2724 LITERA
258 2676 328 2722 sera
346 2648 497 2748 quidem,
516 2648 637 2723 studiis
651 2648 778 2725 exculte
794 2650 911 2740 Suilli,

112 2767 188 2839 Huc
207 2783 266 2838 tua
282 2765 448 2865 pervenit,
467 2763 525 2837 sed
537 2764 619 2837 mihi
636 2784 727 2860 grata
745 2785 876 2841 tamen:

62 2885 161 2982 Qua,
178 2883 234 2983 pia
252 2883 280 2956 si
296 2882 403 2982 possit
420 2882 565 2983 Superos
582 2881 684 2956 lenire
702 2885 851 2979 rogando

116 2999 247 3084 Gratia,
265 2996 409 3071 laturum
428 3015 458 3070 te
477 2996 560 3070 mihi
578 2998 660 3073 dicis
677 3028 783 3100 opem.

65 3120 114 3189 Ut
126 3117 194 3216 jam
210 3115 258 3189 nil
275 3133 428 3217 praestes,
447 3115 548 3187 animi
565 3145 638 3189 sum
657 3117 763 3192 Iactus
778 3117 874 3191 amici

113 3232 260 3307 Debitor
273 3262 282 3321 ;
301 3250 334 3305 et
348 3231 522 3318 meritum,
538 3231 620 3305 velle
632 3233 763 3333 juvare,
785 3265 876 3309 voco.

106 3415 125 3455 ἕ
145 3415 270 3468 Sulmo.
290 3414 344 3467 Hic
361 3413 417 3466 sine
438 3412 519 3465 dubio
538 3424 578 3469 est
627 3405 733 3458 Nerone
746 3405 871 3473 tandem,
889 3406 961 3476 quod
973 3406 1058 3475 pretio
1069 3425 1134 3461 con-

66 3493 99 3546 P.
109 3491 231 3557 Suillius,
251 3491 311 3558 qui,
333 3500 446 3558 questor
460 3487 576 3557 primurn
626 3482 720 3537 ductus
739 3503 867 3538 accusasse
880 3484 1091 3552 insimularetur,
1109 3497 1136 3539 et

67 3568 179 3622 Caesaris
191 3567 357 3631 Germanici,
370 3566 470 3636 legatus
483 3565 579 3619 deiude
628 3560 775 3629 complures
784 3561 898 3632 adegisse
906 3562 937 3614 ad
947 3573 1061 3615 mortem
1072 3601 1079 3630 ,
1090 3563 1137 3617 Se-

65 3665 115 3714 pro
123 3654 251 3713 quaestore
263 3644 290 3696 in
298 3644 376 3710 Α’ςίῃ,
390 3643 513 3712 deinceps
522 3653 580 3712 post
628 3655 700 3692 necae
714 3639 827 3708 impulsu
846 3640 901 3708 lege
919 3639 1010 3694 Cincia
1026 3639 1138 3694 damna-

66 3740 201 3775 excessum
213 3720 380 3787 Germanici,
393 3721 528 3774 convietus
540 3740 578 3774 ae·
630 3726 687 3783 tus,
704 3726 731 3770 et
745 3718 772 3771 in
786 3719 906 3772 Baleares
923 3719 1074 3788 deportatus
1092 3729 1137 3773 est.

66 3799 164 3866 cepisse
173 3796 287 3864 pretium
294 3797 328 3849 ob
336 3815 394 3849 rem
402 3797 579 3864 judicandam,
631 3797 700 3850 Rem
709 3817 818 3852 omnem
826 3800 927 3868 copiose
939 3810 1090 3867 persecutus
1100 3810 1139 3854 est

68 3873 144 3927 Italia
157 3872 246 3943 pulsus
261 3883 338 3941 atque
352 3873 465 3941 ejectus,
480 3874 581 3926 Tiberii
630 3874 753 3943 Tacitus,
764 3876 808 3929 lib.
819 3877 869 3942 IV,
882 3893 927 3943 x1,
940 3887 967 3929 et
978 3877 1055 3930 XIII.

68 3971 131 4005 mox
149 3952 236 4006 edicto
254 3952 383 4021 relegatus
400 3952 427 4003 in
449 3951 579 4017 insulam,
666 3973 686 4006 1.
698 3956 814 4007 Exculte.
824 3955 936 4007 Exculta
948 3952 1041 4007 Servii.

69 4049 155 4100 eoque
179 4041 287 4083 mortuo
309 4048 450 4097 reversus,
477 4029 581 4083 Claudii
665 4035 752 4085 2.Huc
763 4042 814 4085 tua.
824 4035 883 4086 Huc
892 4032 1055 4102 quoqaeMS.
1066 4033 1139 4086 Bers.

72 4107 184 4163 Caesaris
202 4107 311 4161 demum
329 4109 442 4163 amicitia
458 4128 488 4162 ac
501 4107 580 4161 fami·
664 4109 687 4160 3.
698 4110 777 4176 Sipia
783 4113 874 4176 gratia.
887 4108 914 4161 si
924 4127 1000 4161 amor
1010 4120 1069 4163 tuus
1078 4128 1140 4177 erga

68 4184 182 4239 liaritate
195 4186 241 4239 diu
256 4186 367 4242 feliciter
383 4198 430 4246 est,
437 4206 506 4241 usus.
525 4188 581 4240 Sub
631 4186 1141 4256 mepius-Posse!lenc'reSuperos.Pos-
