2624 4816
218 428 285 492 ux
309 426 490 493 rouro
514 428 613 496 um.
641 430 708 496 rv.
734 432 901 501 urusr.
928 438 982 503 11.
1067 438 1131 522 423

115 559 195 634 Otia
212 560 367 648 materia,
386 560 635 662 subripiamque
651 562 765 638 diem?
1101 591 1135 660 40

63 680 148 750 Nam
166 677 242 779 quia
260 683 320 750 ricc
337 678 470 767 vinum,
488 706 547 753 nec
563 708 616 753 me
634 698 723 754 tenet
738 681 807 756 alca
825 682 939 774 fallar,

114 794 180 867 Per
199 822 271 894 quae
287 794 370 867 clam
386 795 522 867 tacitum
542 814 673 896 tempus
691 798 784 872 abire
802 799 907 888 solet;

63 911 134 982 Nec
151 938 222 996 me,
243 911 333 1011 quod
350 939 518 1012 cuperem,
539 912 567 985 si
583 940 643 1012 per
658 912 724 986 lera
743 913 832 988 bella
848 916 979 1008 liceret,

115 1026 272 1115 Oblectat
289 1026 381 1100 cultu
396 1045 481 1101 terra
497 1045 617 1101 novata
634 1057 695 1102 suo
712 1059 720 1102 ε

65 1144 177 1242 Quid,
195 1144 261 1218 nisi
277 1144 446 1231 Pierides,
464 1144 580 1218 solatia
595 1145 730 1240 frigida,
748 1164 866 1237 restat,

113 1263 190 1334 Non
205 1260 289 1334 bene
306 1261 346 1333 de
361 1260 462 1333 uobis
481 1289 552 1360 quae
569 1289 716 1336 meruere
733 1264 835 1336 Deae?

63 1379 112 1451 At
129 1395 181 1463 tu,
199 1378 252 1450 cui
270 1377 401 1451 bibitur
418 1376 545 1451 felicius
561 1377 693 1451 Aonius
709 1377 806 1467 fons,

114 1491 250 1565 Utiliter
262 1491 412 1587 ¹studium
429 1491 520 1591 quod
536 1492 599 1564 tibi
615 1493 719 1583 cedit,
737 1522 827 1568 ama:

63 1607 231 1707 Sacraque
247 1610 420 1681 Musarum
436 1609 555 1681 merito
573 1609 663 1697 cule3
682 1610 838 1712 quodque
853 1610 1021 1706 legamus,

113 1727 188 1798 Huc
208 1724 344 1826 aliquod
360 1754 445 1800 curae
463 1727 558 1800 mitte
574 1728 713 1802 recentis
729 1757 824 1829 opus.
1101 1755 1134 1808 50

63 1916 92 1948 re
110 1896 267 1964 putandum.
283 1897 326 1950 De
349 1896 459 1951 Corallis
484 1909 572 1952 autem
620 1904 695 1968 gitta,
711 1910 813 1954 restant.
829 1903 926 1954 Restat
939 1919 1001 1954 cum
1021 1914 1134 1971 quatuor

61 1984 90 2027 et
104 1974 200 2028 Strabo
220 1976 343 2029 meminit
354 1977 421 2030 libro
434 1979 556 2046 septimo.
622 1978 1133 2053 scriptia—Solatritsrr'gt'da.Itaquoque

96 2056 136 2121 40.
147 2058 333 2124 Subrrbriamque
346 2060 419 2108 dicm.
431 2056 510 2110 Clam
524 2077 574 2109 ra·
623 2058 692 2127 apud
705 2057 827 2124 Grecos,
847 2062 920 2134 tempti
938 2063 1024 2134 τέρψις.
1041 2061 1132 2130 Eurip.

60 2134 131 2202 piam
139 2145 226 2187 totum
234 2134 314 2188 diem.
324 2136 491 2205 Subripimus
501 2138 574 2190 enim
657 2137 698 2202 46.
717 2138 778 2202 Quae
790 2156 840 2188 non
854 2140 915 2202 bene
926 2157 1035 2191 meruere
1046 2143 1135 2194 deno-

62 2211 150 2275 diem,
159 2212 266 2280 qnando
276 2232 396 2266 vacamus
406 2213 481 2267 alicui
493 2215 574 2283 reij0‹
624 2215 671 2263 tis.
683 2211 753 2280 Quae
762 2212 828 2265 mihi
842 2224 999 2267 nocuerunt.

61 2309 128 2344 cosae
138 2330 145 2356 ,
156 2291 193 2344 ita
204 2303 234 2345 ut
245 2291 300 2344 dies
311 2292 440 2345 elabatur.
567 2324 573 2335 ι
655 2291 694 2357 48.
705 2292 825 2345 Studium.
836 2289 962 2344 Studium
974 2292 1082 2360 poetica
1091 2312 1131 2345 ar·

78 2372 119 2436 41.
132 2372 573 2451 Numaequemevritnm.Namqur'a
622 2369 863 2437 tis.-·Quodtlb1'
882 2373 955 2422 cedit.
978 2370 1062 2439 Quod
1081 2371 1130 2425 tibi

60 2468 108 2501 nec
118 2454 205 2501 viuum
213 2449 341 2500 meliores.
351 2449 387 2500 H.
620 2446 735 2498 succedit
752 2445 865 2499 utiliter:
881 2448 934 2500 rive
956 2448 1062 2514 utilius,
1080 2449 1130 2502 boc

93 2529 137 2592 45.
147 2528 410 2591 Quidnr'sr'Pr'err'des,
418 2527 511 2576 solatia
516 2523 572 2588 sri-
589 2586 594 2591 ¹
620 2533 672 2590 est,
690 2525 799 2593 melius,
815 2545 894 2594 quam
903 2527 977 2580 milri.

388 2802 701 2890 EPISTOLA
731 2807 824 2892 111.

327 3140 514 3214 AMICO
549 3142 854 3217 INSTABILI.

413 3469 775 3532 ARGUMENTUM.

56 3594 201 3653 Invehitur
218 3595 245 3649 iu
263 3598 378 3651 amicum
393 3597 540 3667 perfidum,
557 3619 672 3669 eumque
688 3600 862 3655 instabilitatis
877 3601 990 3653 fortune
1005 3598 1127 3653 humauae

449 3700 598 3736 memorem
611 3701 665 3737 esse
675 3683 756 3753 jubet.

64 3807 369 3928 CONQUERAR,
388 3870 430 3914 au
448 3845 596 3916 taccam?
613 3872 735 3943 ponam
751 3844 822 3916 siue
837 3837 969 3912 nomine
983 3838 1129 3914 crimen?

109 3957 165 4029 An
181 3974 319 4045 uotum,
340 3958 398 4059 qui
414 3959 478 4049 sis,
498 3958 655 4034 omuibus
670 3989 739 4036 esse
755 3956 873 4067 velim?

96 4139 119 4171 1.
136 4121 234 4173 Ponam
241 4128 296 4175 sine
307 4125 571 4179 nominatarum
584 4124 668 4179 debeo
679 4135 781 4178 tautum
790 4123 892 4179 crimen
903 4134 979 4179 tuum
992 4144 1131 4196 suppresso

59 4195 173 4249 nomine
187 4197 344 4251 ostendere?
879 4228 883 4236 ·
1063 4210 1068 4215 '
