2624 4816
287 386 356 453 EX
379 385 559 456 ΡΟΝΤΟ
582 389 680 459 LIB.
706 392 759 459 11.
785 394 952 464 EPIST.
979 400 1049 466 XI.
1082 466 1085 471 Δ
1133 402 1199 497 367

131 576 1195 618 Q

451 714 761 804 EPISTOLA
789 723 869 808 XI.

609 882 723 903 m

580 1074 747 1148 RUFO.

461 1404 859 1483 aneuuenrum

124 1551 171 1604 Ad
186 1551 290 1605 Rufum
305 1551 482 1617 Fundanum,
502 1556 589 1609 uxoris
605 1575 658 1611 suae
678 1559 850 1625 avunculum,
869 1560 937 1617 hanc
950 1563 1086 1635 epistolam
1107 1572 1197 1627 scribit

160 1645 258 1705 poeta:
270 1634 344 1705 cujus
353 1637 447 1690 merita
458 1637 519 1691 dicit
531 1639 664 1693 rehabere
675 1640 703 1693 in
715 1645 859 1709 memoria,
872 1647 990 1714 quamvis
1002 1651 1035 1701 sit
1045 1650 1196 1721 longissimo

159 1721 299 1776 intervallo
317 1734 443 1778 remotus.
459 1723 579 1778 Demum
590 1724 664 1780 Deos
678 1738 819 1797 precatur,
834 1739 865 1783 ut
876 1729 914 1785 itti
928 1735 1035 1793 meritas
1045 1737 1139 1805 gratias
1151 1759 1195 1793 re·
1211 1727 1217 1740 ⁴

158 1806 255 1861 serant.

126 1946 236 2048 Hoc
253 1975 329 2060 tibi,
348 1977 455 2066 Rufe,
473 1979 566 2052 brevi
582 1999 797 2081 properatum
815 2000 962 2084 tempore
976 1990 1080 2064 mittit

174 2091 285 2178 Naso,
303 2119 418 2192 parum
437 2093 552 2167 fausta
568 2095 725 2169 conditor
739 2097 849 2185 Artis,
870 2128 977 2200 opus:

123 2208 195 2295 Ut,
214 2233 402 2307 quanquam
419 2207 517 2305 longe
535 2226 607 2283 toto
626 2239 738 2284 sumus
757 2212 837 2287 orbe
855 2217 990 2306 remoti,

101 2420 103 2429 Ι
176 2323 267 2399 Scire
285 2342 394 2399 tamen
410 2326 521 2426 possis
537 2354 599 2398 nos
616 2326 803 2400 meminisse
821 2330 879 2402 tui.

121 2440 280 2514 Nominis
298 2458 373 2515 ante
389 2442 454 2515 mei
471 2442 603 2515 venient
620 2442 741 2516 oblivia
758 2443 871 2533 nobis,

170 2556 310 2632 Pectore
328 2586 425 2658 quam
442 2559 547 2659 pietas
565 2557 608 2632 sit
624 2577 681 2632 tua
698 2560 794 2659 pulsa
813 2590 897 2636 meo.

119 2672 168 2746 Et
182 2673 278 2775 prius
292 2673 376 2746 hane
391 2674 532 2750 animam
551 2705 668 2750 vacuas
684 2677 859 2752 reddemus
875 2678 911 2752 in
929 2706 1043 2766 auras,

170 2788 283 2885 Quam
297 2787 353 2863 fiat
370 2790 480 2864 meriti
502 2793 604 2885 gratia
623 2819 705 2864 vana
723 2791 782 2863 tui.

120 2902 257 2978 Grande
270 2934 353 2979 voco
370 2906 527 3008 lacrymas
543 2907 713 2994 meritum,
732 2906 854 3006 quibus
868 2933 924 2977 ora
940 2903 1089 3005 rigabas,
1172 2954 1176 2967 ι

171 3017 288 3114 Quum
305 3047 376 3094 mea
395 3038 548 3095 concreto
566 3021 651 3095 sicra
668 3019 784 3094 dolore
799 3019 917 3093 forent.
1159 3055 1189 3092 ιο
1252 3060 1255 3065 -

120 3136 258 3211 Grande
274 3165 357 3237 roeo
375 3138 545 3225 meritum,
564 3155 687 3212 moestae
704 3135 822 3210 solatia
840 3133 979 3223 mentis,

112 3241 114 3244 ⁵
171 3248 287 3350 Quum
305 3238 428 3353 pariter
444 3254 545 3328 nobis
562 3252 619 3327 illa
637 3253 765 3353 tibique
782 3251 885 3324 dares.

119 3370 249 3472 Sponte
267 3369 417 3470 quidem,
434 3399 495 3471 per
513 3398 612 3470 seque
629 3398 699 3444 mea
716 3387 766 3442 est
780 3366 959 3442 laudabilis
974 3397 1075 3456 uxor;

168 3487 352 3561 Admonitu
370 3485 488 3560 melior
504 3487 543 3560 fit
560 3505 668 3562 tamen
685 3485 741 3559 illa
758 3503 826 3559 tuo.

113 3607 274 3705 Namque
292 3604 382 3706 quod
399 3602 595 3678 Hermiones
614 3605 733 3677 Castor
749 3601 832 3687 suit,
851 3603 979 3674 Hector
995 3597 1076 3685 Iuli,
1157 3621 1186 3672 15

149 3771 174 3822 5.
191 3771 297 3823 Venr'm
308 3772 403 3820 oblivia
413 3771 492 3822 nobes.
518 3769 628 3820 Venr'ernt
710 3768 746 3832 ¹4·
758 3767 896 3818 Admonitu
906 3775 955 3817 tuo.
969 3762 1028 3814 Tuo
1038 3759 1187 3815 consitio.-

116 3857 178 3902 octo
190 3858 300 3901 veteres.
321 3847 357 3898 H.
677 3846 721 3895 Fir
735 3847 829 3896 melior.
846 3841 977 3894 Redditur
994 3840 1075 3909 magis
1092 3838 1186 3909 pudica

153 3945 191 3977 ιι.
203 3926 402 3977 Moestaesolatia
412 3929 509 3978 mentm.
524 3923 629 3978 Conso·
677 3921 727 3974 hoc
739 3933 857 3990 tempore
867 3938 919 3987 quo
932 3919 963 3970 ab
976 3917 1040 3969 urbe
1055 3917 1187 3971 absumus.

114 4000 228 4055 dationes
246 4012 302 4059 tuas
318 4001 445 4055 adhibitas
466 4003 628 4056 conturbate
713 4005 752 4054 15.
763 4000 1189 4067 NamquequodHermmueCaestor

116 4090 145 4134 et
157 4090 331 4132 consternata
348 4081 431 4132 menti
443 4099 509 4133 meae
522 4091 630 4149 propter
671 4078 734 4148 suit.
751 4078 897 4130 Hermione
914 4076 966 4128 fitia
985 4075 1035 4127 tuit
1054 4076 1186 4138 Hetenae,

117 4157 326 4226 relegationem„
678 4156 773 4210 sororis
787 4153 912 4209 Castoris.
925 4152 1021 4207 Castor
1028 4171 1091 4226 erqo
1102 4171 1187 4227 κως1
