<?xml version="1.0" encoding="UTF-8"?>
<!DOCTYPE html PUBLIC "-//W3C//DTD XHTML 1.0 Transitional//EN"
    "http://www.w3.org/TR/xhtml1/DTD/xhtml1-transitional.dtd">
<html xmlns="http://www.w3.org/1999/xhtml" xml:lang="en" lang="en">
 <head>
  <title>
</title>
<meta http-equiv="Content-Type" content="text/html;charset=utf-8" />
  <meta name='ocr-system' content='tesseract 3.04.00' />
  <meta name='ocr-capabilities' content='ocr_page ocr_carea ocr_par ocr_line ocrx_word'/>
</head>
<body>
  <div class='ocr_page' id='page_1' title='image "bibliothecaclas31lemagoog_0189.png"; bbox 0 0 2624 4816; ppageno 0'>
   <div class='ocr_carea' id='block_1_1' title="bbox 117 406 178 475">
    <p class='ocr_par' dir='ltr' id='par_1_1' title="bbox 117 406 178 475">
     <span class='ocr_line' id='line_1_1' title="bbox 117 406 178 475; baseline 0.033 -2"><span class='ocrx_word' id='word_1_1' title='bbox 117 406 178 475; x_wconf 80' lang='lat'><strong>168</strong></span> 
     </span>
    </p>
   </div>
   <div class='ocr_carea' id='block_1_2' title="bbox 401 408 897 479">
    <p class='ocr_par' dir='ltr' id='par_1_2' title="bbox 401 408 897 479">
     <span class='ocr_line' id='line_1_2' title="bbox 401 408 897 479; baseline 0.01 -5"><span class='ocrx_word' id='word_1_2' title='bbox 401 410 441 474; x_wconf 88' lang='lat' dir='ltr'><strong>P.</strong></span> <span class='ocrx_word' id='word_1_3' title='bbox 473 408 649 478; x_wconf 88' lang='lat' dir='ltr'>OVIDII</span> <span class='ocrx_word' id='word_1_4' title='bbox 674 408 897 479; x_wconf 84' lang='lat' dir='ltr'><strong>NASONIS</strong></span> 
     </span>
    </p>
   </div>
   <div class='ocr_carea' id='block_1_3' title="bbox 114 546 1212 1802">
    <p class='ocr_par' dir='ltr' id='par_1_3' title="bbox 114 546 1212 1802">
     <span class='ocr_line' id='line_1_3' title="bbox 162 546 939 649; baseline 0.005 -29"><span class='ocrx_word' id='word_1_5' title='bbox 162 549 222 620; x_wconf 86' lang='lat' dir='ltr'><strong>Me</strong></span> <span class='ocrx_word' id='word_1_6' title='bbox 238 546 411 634; x_wconf 84' lang='lat' dir='ltr'><strong>miserum,</strong></span> <span class='ocrx_word' id='word_1_7' title='bbox 430 546 457 620; x_wconf 89' lang='lat' dir='ltr'><strong>si</strong></span> <span class='ocrx_word' id='word_1_8' title='bbox 475 548 586 645; x_wconf 85' lang='lat' dir='ltr'><strong>tejam</strong></span> <span class='ocrx_word' id='word_1_9' title='bbox 604 547 709 649; x_wconf 83' lang='lat' dir='ltr'><strong>pudet</strong></span> <span class='ocrx_word' id='word_1_10' title='bbox 725 575 797 621; x_wconf 88' lang='lat' dir='ltr'><strong>esse</strong></span> <span class='ocrx_word' id='word_1_11' title='bbox 814 546 939 624; x_wconf 84' lang='lat' dir='ltr'><strong>meam!</strong></span> 
     </span>
     <span class='ocr_line' id='line_1_4' title="bbox 114 658 959 762; baseline 0 -26"><span class='ocrx_word' id='word_1_12' title='bbox 114 665 260 762; x_wconf 88' lang='lat' dir='ltr'><strong>Tempus</strong></span> <span class='ocrx_word' id='word_1_13' title='bbox 278 660 337 734; x_wconf 85' lang='lat' dir='ltr'><strong>uhi</strong></span> <span class='ocrx_word' id='word_1_14' title='bbox 356 678 406 734; x_wconf 84' lang='lat' dir='ltr'><strong>est</strong></span> <span class='ocrx_word' id='word_1_15' title='bbox 422 658 523 748; x_wconf 83' lang='lat' dir='ltr'><strong>illud,</strong></span> <span class='ocrx_word' id='word_1_16' title='bbox 541 691 608 761; x_wconf 92' lang='lat' dir='ltr'><strong>quo</strong></span> <span class='ocrx_word' id='word_1_17' title='bbox 626 690 677 735; x_wconf 91' lang='lat' dir='ltr'><strong>me</strong></span> <span class='ocrx_word' id='word_1_18' title='bbox 692 663 812 760; x_wconf 85' lang='lat' dir='ltr'><strong>jactare</strong></span> <span class='ocrx_word' id='word_1_19' title='bbox 828 661 959 736; x_wconf 82' lang='lat' dir='ltr'><strong>solebas</strong></span> 
     </span>
     <span class='ocr_line' id='line_1_5' title="bbox 165 774 875 873; baseline -0.001 -24"><span class='ocrx_word' id='word_1_20' title='bbox 165 776 332 873; x_wconf 82' lang='lat' dir='ltr'><strong>Conjnge‚</strong></span> <span class='ocrx_word' id='word_1_21' title='bbox 349 802 410 847; x_wconf 87' lang='lat' dir='ltr'><strong>nee</strong></span> <span class='ocrx_word' id='word_1_22' title='bbox 426 801 547 847; x_wconf 91' lang='lat' dir='ltr'><strong>nomen</strong></span> <span class='ocrx_word' id='word_1_23' title='bbox 564 774 769 848; x_wconf 80' lang='lat' dir='ltr'><strong>dissimulare</strong></span> <span class='ocrx_word' id='word_1_24' title='bbox 786 774 875 848; x_wconf 84' lang='lat' dir='ltr'><strong>viri?</strong></span> 
     </span>
     <span class='ocr_line' id='line_1_6' title="bbox 114 889 1150 991; baseline -0.005 -26"><span class='ocrx_word' id='word_1_25' title='bbox 114 895 259 991; x_wconf 88' lang='lat' dir='ltr'>Tempus</span> <span class='ocrx_word' id='word_1_26' title='bbox 275 891 334 963; x_wconf 89' lang='lat' dir='ltr'><strong>ubi</strong></span> <span class='ocrx_word' id='word_1_27' title='bbox 353 908 419 978; x_wconf 85' lang='lat' dir='ltr'><strong>est,</strong></span> <span class='ocrx_word' id='word_1_28' title='bbox 440 919 506 990; x_wconf 91' lang='lat' dir='ltr'><strong>quo</strong></span> <span class='ocrx_word' id='word_1_29' title='bbox 524 909 575 978; x_wconf 85' lang='lat' dir='ltr'><strong>te,</strong></span> <span class='ocrx_word' id='word_1_30' title='bbox 593 891 657 964; x_wconf 89' lang='lat' dir='ltr'><strong>nisi</strong></span> <span class='ocrx_word' id='word_1_31' title='bbox 675 893 703 964; x_wconf 90' lang='lat' dir='ltr'><strong>si</strong></span> <span class='ocrx_word' id='word_1_32' title='bbox 719 891 809 985; x_wconf 82' lang='lat' dir='ltr'><strong>fugis</strong></span> <span class='ocrx_word' id='word_1_33' title='bbox 824 889 882 964; x_wconf 87' lang='lat' dir='ltr'><strong>illa</strong></span> <span class='ocrx_word' id='word_1_34' title='bbox 898 889 1043 980; x_wconf 83' lang='lat' dir='ltr'><strong>referre,&#39;</strong></span> <span class='ocrx_word' id='word_1_35' title='bbox 1127 907 1150 960; x_wconf 79' lang='lat'><strong>⁵⁵</strong></span> 
     </span>
     <span class='ocr_line' id='line_1_7' title="bbox 163 998 1212 1106; baseline -0.003 -25"><span class='ocrx_word' id='word_1_36' title='bbox 163 1012 209 1081; x_wconf 81' lang='lat' dir='ltr'><strong>Et</strong></span> <span class='ocrx_word' id='word_1_37' title='bbox 226 1006 289 1080; x_wconf 83' lang='lat' dir='ltr'><strong>dici</strong></span> <span class='ocrx_word' id='word_1_38' title='bbox 306 1007 455 1093; x_wconf 86' lang='lat' dir='ltr'><strong>memini,</strong></span> <span class='ocrx_word' id='word_1_39' title='bbox 472 1007 557 1106; x_wconf 77' lang='lat' dir='ltr'><strong>juvit</strong></span> <span class='ocrx_word' id='word_1_40' title='bbox 573 1025 607 1081; x_wconf 81' lang='lat' dir='ltr'><strong>el</strong></span> <span class='ocrx_word' id='word_1_41' title='bbox 624 1036 694 1080; x_wconf 90' lang='lat' dir='ltr'><strong>esse</strong></span> <span class='ocrx_word' id='word_1_42' title='bbox 712 1007 844 1079; x_wconf 85' lang='lat' dir='ltr'><strong>meam?</strong></span> <span class='ocrx_word' id='word_1_43' title='bbox 1209 998 1212 1017; x_wconf 81' lang='grc'><strong>’</strong></span> 
     </span>
     <span class='ocr_line' id='line_1_8' title="bbox 114 1122 1091 1228; baseline -0.001 -29"><span class='ocrx_word' id='word_1_44' title='bbox 114 1130 227 1228; x_wconf 85' lang='lat' dir='ltr'><strong>thue</strong></span> <span class='ocrx_word' id='word_1_45' title='bbox 245 1125 356 1225; x_wconf 87' lang='lat' dir='ltr'><strong>probae</strong></span> <span class='ocrx_word' id='word_1_46' title='bbox 374 1125 512 1220; x_wconf 87' lang='lat' dir='ltr'><strong>dignum</strong></span> <span class='ocrx_word' id='word_1_47' title='bbox 533 1142 600 1209; x_wconf 71' lang='lat' dir='ltr'><strong>est,</strong></span> <span class='ocrx_word' id='word_1_48' title='bbox 619 1124 708 1197; x_wconf 91' lang='lat' dir='ltr'><strong>omni</strong></span> <span class='ocrx_word' id='word_1_49' title='bbox 727 1124 789 1196; x_wconf 87' lang='lat' dir='ltr'><strong>tihi</strong></span> <span class='ocrx_word' id='word_1_50' title='bbox 808 1122 886 1197; x_wconf 86' lang='lat' dir='ltr'><strong>dote</strong></span> <span class='ocrx_word' id='word_1_51' title='bbox 902 1122 1091 1225; x_wconf 80' lang='lat' dir='ltr'><strong>placebam:</strong></span> 
     </span>
     <span class='ocr_line' id='line_1_9' title="bbox 166 1236 814 1313; baseline -0.003 -1"><span class='ocrx_word' id='word_1_52' title='bbox 166 1240 320 1313; x_wconf 77' lang='lat' dir='ltr'>Addebat</span> <span class='ocrx_word' id='word_1_53' title='bbox 337 1239 421 1313; x_wconf 88' lang='lat' dir='ltr'><strong>veris</strong></span> <span class='ocrx_word' id='word_1_54' title='bbox 438 1236 543 1311; x_wconf 84' lang='lat' dir='ltr'><strong>multa</strong></span> <span class='ocrx_word' id='word_1_55' title='bbox 558 1238 696 1312; x_wconf 85' lang='lat' dir='ltr'><strong>faventis</strong></span> <span class='ocrx_word' id='word_1_56' title='bbox 712 1267 814 1312; x_wconf 86' lang='lat' dir='ltr'><strong>amor.</strong></span> 
     </span>
     <span class='ocr_line' id='line_1_10' title="bbox 115 1354 1081 1457; baseline 0 -28"><span class='ocrx_word' id='word_1_57' title='bbox 115 1358 185 1430; x_wconf 85' lang='lat' dir='ltr'><strong>Neo</strong></span> <span class='ocrx_word' id='word_1_58' title='bbox 203 1384 300 1457; x_wconf 88' lang='lat' dir='ltr'><strong>quem</strong></span> <span class='ocrx_word' id='word_1_59' title='bbox 316 1354 501 1456; x_wconf 74' lang='lat' dir='ltr'><strong>praeferres,</strong></span> <span class='ocrx_word' id='word_1_60' title='bbox 519 1354 563 1427; x_wconf 80' lang='lat' dir='ltr'><strong>ite</strong></span> <span class='ocrx_word' id='word_1_61' title='bbox 580 1382 633 1429; x_wconf 89' lang='lat' dir='ltr'><strong>res</strong></span> <span class='ocrx_word' id='word_1_62' title='bbox 649 1355 711 1427; x_wconf 86' lang='lat' dir='ltr'><strong>tibi</strong></span> <span class='ocrx_word' id='word_1_63' title='bbox 727 1383 846 1450; x_wconf 80' lang='lat' dir='ltr'><strong>magna</strong></span> <span class='ocrx_word' id='word_1_64' title='bbox 856 1354 1012 1445; x_wconf 84' lang='lat' dir='ltr'><strong>videbar,</strong></span> <span class='ocrx_word' id='word_1_65' title='bbox 1077 1422 1081 1429; x_wconf 89' lang='lat'>.</span> 
     </span>
     <span class='ocr_line' id='line_1_11' title="bbox 166 1468 1157 1568; baseline -0.002 -23"><span class='ocrx_word' id='word_1_66' title='bbox 166 1474 314 1568; x_wconf 86' lang='lat' dir='ltr'><strong>Quemve</strong></span> <span class='ocrx_word' id='word_1_67' title='bbox 331 1490 425 1543; x_wconf 76' lang='lat' dir='ltr'><strong>tuum</strong></span> <span class='ocrx_word' id='word_1_68' title='bbox 443 1468 555 1544; x_wconf 87' lang='lat' dir='ltr'><strong>malles</strong></span> <span class='ocrx_word' id='word_1_69' title='bbox 572 1499 663 1557; x_wconf 82' lang='lat' dir='ltr'><strong>esse,</strong></span> <span class='ocrx_word' id='word_1_70' title='bbox 679 1471 730 1544; x_wconf 88' lang='lat' dir='ltr'><strong>vir</strong></span> <span class='ocrx_word' id='word_1_71' title='bbox 745 1470 828 1544; x_wconf 84' lang='lat' dir='ltr'><strong>alter</strong></span> <span class='ocrx_word' id='word_1_72' title='bbox 844 1488 923 1544; x_wconf 84' lang='lat' dir='ltr'><strong>erut.</strong></span> <span class='ocrx_word' id='word_1_73' title='bbox 1133 1483 1157 1536; x_wconf 78' lang='lat'><strong>6⁰</strong></span> 
     </span>
     <span class='ocr_line' id='line_1_12' title="bbox 115 1586 1152 1689; baseline -0.007 -26"><span class='ocrx_word' id='word_1_74' title='bbox 115 1593 213 1665; x_wconf 87' lang='lat' dir='ltr'><strong>Nunc</strong></span> <span class='ocrx_word' id='word_1_75' title='bbox 232 1618 366 1689; x_wconf 88' lang='lat' dir='ltr'><strong>quoque</strong></span> <span class='ocrx_word' id='word_1_76' title='bbox 383 1615 425 1659; x_wconf 90' lang='lat' dir='ltr'><strong>ne</strong></span> <span class='ocrx_word' id='word_1_77' title='bbox 440 1586 582 1686; x_wconf 86' lang='lat' dir='ltr'><strong>pudeat,</strong></span> <span class='ocrx_word' id='word_1_78' title='bbox 600 1586 688 1687; x_wconf 89' lang='lat' dir='ltr'><strong>quod</strong></span> <span class='ocrx_word' id='word_1_79' title='bbox 707 1588 752 1661; x_wconf 93' lang='lat' dir='ltr'><strong>sis</strong></span> <span class='ocrx_word' id='word_1_80' title='bbox 768 1587 851 1660; x_wconf 88' lang='lat' dir='ltr'><strong>mihi</strong></span> <span class='ocrx_word' id='word_1_81' title='bbox 864 1604 971 1687; x_wconf 79' lang='lat' dir='ltr'><strong>nupta</strong></span> <span class='ocrx_word' id='word_1_82' title='bbox 986 1615 996 1661; x_wconf 74' lang='grc' dir='ltr'><em>τ</em></span> <span class='ocrx_word' id='word_1_83' title='bbox 1014 1604 1152 1688; x_wconf 82' lang='lat' dir='ltr'><strong>tuusque.</strong></span> 
     </span>
     <span class='ocr_line' id='line_1_13' title="bbox 165 1701 962 1802; baseline -0.006 -23"><span class='ocrx_word' id='word_1_84' title='bbox 165 1710 243 1779; x_wconf 86' lang='lat' dir='ltr'><strong>Non</strong></span> <span class='ocrx_word' id='word_1_85' title='bbox 262 1703 358 1777; x_wconf 91' lang='lat' dir='ltr'><strong>dolor</strong></span> <span class='ocrx_word' id='word_1_86' title='bbox 372 1702 450 1774; x_wconf 89' lang='lat' dir='ltr'><strong>hinc</strong></span> <span class='ocrx_word' id='word_1_87' title='bbox 467 1701 583 1790; x_wconf 81' lang='lat' dir='ltr'><strong>debet,</strong></span> <span class='ocrx_word' id='word_1_88' title='bbox 599 1702 698 1776; x_wconf 81' lang='lat' dir='ltr'><strong>debet</strong></span> <span class='ocrx_word' id='word_1_89' title='bbox 712 1702 827 1776; x_wconf 82' lang='lat' dir='ltr'><strong>abesse</strong></span> <span class='ocrx_word' id='word_1_90' title='bbox 843 1702 962 1802; x_wconf 91' lang='lat' dir='ltr'><strong>pudor.</strong></span> 
     </span>
    </p>
   </div>
   <div class='ocr_carea' id='block_1_4' title="bbox 66 1885 627 3754">
    <p class='ocr_par' dir='ltr' id='par_1_4' title="bbox 115 1885 621 2034">
     <span class='ocr_line' id='line_1_14' title="bbox 115 1885 621 1961; baseline -0.012 -17"><span class='ocrx_word' id='word_1_91' title='bbox 115 1892 231 1961; x_wconf 90' lang='lat' dir='ltr'><strong>quinque</strong></span> <span class='ocrx_word' id='word_1_92' title='bbox 240 1899 274 1956; x_wconf 76' lang='lat' dir='ltr'><strong>el,</strong></span> <span class='ocrx_word' id='word_1_93' title='bbox 281 1898 323 1954; x_wconf 53' lang='grc' dir='ltr'><strong>πή·</strong></span> <span class='ocrx_word' id='word_1_94' title='bbox 335 1887 405 1956; x_wconf 86' lang='lat' dir='ltr'><strong>quod</strong></span> <span class='ocrx_word' id='word_1_95' title='bbox 417 1887 509 1954; x_wconf 76' lang='lat' dir='ltr'><strong>placet,</strong></span> <span class='ocrx_word' id='word_1_96' title='bbox 519 1885 541 1938; x_wconf 91' lang='lat' dir='ltr'><strong>si</strong></span> <span class='ocrx_word' id='word_1_97' title='bbox 551 1896 621 1939; x_wconf 84' lang='lat' dir='ltr'><strong>recte</strong></span> 
     </span>
     <span class='ocr_line' id='line_1_15' title="bbox 116 1964 469 2034; baseline -0.014 -14"><span class='ocrx_word' id='word_1_98' title='bbox 116 1969 203 2020; x_wconf 89' lang='lat' dir='ltr'><strong>locum</strong></span> <span class='ocrx_word' id='word_1_99' title='bbox 215 1965 359 2034; x_wconf 73' lang='lat' dir='ltr'><strong>distinguis.</strong></span> <span class='ocrx_word' id='word_1_100' title='bbox 370 1964 469 2016; x_wconf 67' lang='lat' dir='ltr'><strong>limus.</strong></span> 
     </span>
    </p>

    <p class='ocr_par' dir='ltr' id='par_1_5' title="bbox 114 2044 622 2504">
     <span class='ocr_line' id='line_1_16' title="bbox 148 2044 622 2111; baseline 0 -15"><span class='ocrx_word' id='word_1_101' title='bbox 148 2045 188 2096; x_wconf 86' lang='grc'><strong>53.</strong></span> <span class='ocrx_word' id='word_1_102' title='bbox 203 2046 308 2108; x_wconf 81' lang='lat' dir='ltr'><strong>Tempus</strong></span> <span class='ocrx_word' id='word_1_103' title='bbox 314 2046 401 2093; x_wconf 77' lang='lat' dir='ltr'><strong>ubiesl</strong></span> <span class='ocrx_word' id='word_1_104' title='bbox 406 2044 485 2107; x_wconf 83' lang='lat' dir='ltr'><strong>illud,</strong></span> <span class='ocrx_word' id='word_1_105' title='bbox 493 2062 540 2111; x_wconf 85' lang='lat' dir='ltr'><strong>quo</strong></span> <span class='ocrx_word' id='word_1_106' title='bbox 548 2044 622 2110; x_wconf 72' lang='lat' dir='ltr'><strong>teliz-</strong></span> 
     </span>
     <span class='ocr_line' id='line_1_17' title="bbox 114 2119 622 2188; baseline -0.002 -13"><span class='ocrx_word' id='word_1_107' title='bbox 114 2131 183 2175; x_wconf 78' lang='lat' dir='ltr'><strong>ctare</strong></span> <span class='ocrx_word' id='word_1_108' title='bbox 193 2124 293 2173; x_wconf 81' lang='lat' dir='ltr'><strong>solebas</strong></span> <span class='ocrx_word' id='word_1_109' title='bbox 302 2119 419 2188; x_wconf 60' lang='lat' dir='ltr'><strong>Corelliae.</strong></span> <span class='ocrx_word' id='word_1_110' title='bbox 426 2119 514 2172; x_wconf 84' lang='lat' dir='ltr'><strong>Scribe</strong></span> <span class='ocrx_word' id='word_1_111' title='bbox 526 2121 622 2188; x_wconf 70' lang='lat' dir='ltr'><strong>,mesie-</strong></span> 
     </span>
     <span class='ocr_line' id='line_1_18' title="bbox 114 2196 622 2266; baseline -0.004 -14"><span class='ocrx_word' id='word_1_112' title='bbox 114 2201 289 2252; x_wconf 74' lang='lat' dir='ltr'><strong>ctaresolelas</strong></span> <span class='ocrx_word' id='word_1_113' title='bbox 300 2198 429 2264; x_wconf 68' lang='lat' dir='ltr'><strong>Conl&#39;uge,·</strong></span> <span class='ocrx_word' id='word_1_114' title='bbox 442 2206 469 2249; x_wconf 83' lang='lat' dir='ltr'><strong>et</strong></span> <span class='ocrx_word' id='word_1_115' title='bbox 480 2196 516 2250; x_wconf 86' lang='lat' dir='ltr'><strong>sic</strong></span> <span class='ocrx_word' id='word_1_116' title='bbox 527 2218 574 2266; x_wconf 92' lang='lat' dir='ltr'><strong>pro</strong></span> <span class='ocrx_word' id='word_1_117' title='bbox 586 2198 622 2250; x_wconf 90' lang='lat' dir='ltr'><strong>di·</strong></span> 
     </span>
     <span class='ocr_line' id='line_1_19' title="bbox 115 2275 621 2331; baseline -0.004 -1"><span class='ocrx_word' id='word_1_118' title='bbox 115 2295 190 2330; x_wconf 86' lang='lat' dir='ltr'><strong>versa</strong></span> <span class='ocrx_word' id='word_1_119' title='bbox 206 2276 318 2330; x_wconf 81' lang='lat' dir='ltr'><strong>lectione</strong></span> <span class='ocrx_word' id='word_1_120' title='bbox 333 2275 481 2328; x_wconf 81' lang='lat' dir='ltr'><strong>Vossianus.</strong></span> <span class='ocrx_word' id='word_1_121' title='bbox 495 2275 621 2331; x_wconf 83' lang='lat' dir='ltr'><strong>Nonnulli</strong></span> 
     </span>
     <span class='ocr_line' id='line_1_20' title="bbox 115 2353 621 2423; baseline 0.002 -15"><span class='ocrx_word' id='word_1_122' title='bbox 115 2356 157 2408; x_wconf 82' lang='lat' dir='ltr'><strong>alii</strong></span> <span class='ocrx_word' id='word_1_123' title='bbox 167 2376 173 2408; x_wconf 92' lang='lat'><strong>:</strong></span> <span class='ocrx_word' id='word_1_124' title='bbox 185 2377 198 2402; x_wconf 73' lang='lat' dir='ltr'><strong>s</strong></span> <span class='ocrx_word' id='word_1_125' title='bbox 205 2356 323 2422; x_wconf 87' lang='lat' dir='ltr'><strong>Tempus</strong></span> <span class='ocrx_word' id='word_1_126' title='bbox 330 2353 374 2404; x_wconf 92' lang='lat' dir='ltr'><strong>ubi</strong></span> <span class='ocrx_word' id='word_1_127' title='bbox 383 2363 433 2417; x_wconf 80' lang='lat' dir='ltr'><strong>est,</strong></span> <span class='ocrx_word' id='word_1_128' title='bbox 443 2373 497 2423; x_wconf 89' lang='lat' dir='ltr'><strong>quo</strong></span> <span class='ocrx_word' id='word_1_129' title='bbox 504 2364 529 2407; x_wconf 82' lang='lat' dir='ltr'><strong>le</strong></span> <span class='ocrx_word' id='word_1_130' title='bbox 537 2355 569 2409; x_wconf 94' lang='lat' dir='ltr'><strong>de</strong></span> <span class='ocrx_word' id='word_1_131' title='bbox 578 2374 621 2411; x_wconf 86' lang='lat' dir='ltr'><strong>me</strong></span> 
     </span>
     <span class='ocr_line' id='line_1_21' title="bbox 115 2432 587 2504; baseline -0.008 -17"><span class='ocrx_word' id='word_1_132' title='bbox 115 2436 212 2504; x_wconf 80' lang='lat' dir='ltr'><strong>jactare</strong></span> <span class='ocrx_word' id='word_1_133' title='bbox 224 2432 469 2486; x_wconf 74' lang='lat' dir='ltr'><strong>solebas.»Hu1us.</strong></span> <span class='ocrx_word' id='word_1_134' title='bbox 585 2493 587 2495; x_wconf 33' lang='grc'><strong>,</strong></span> 
     </span>
    </p>

    <p class='ocr_par' dir='ltr' id='par_1_6' title="bbox 66 2514 627 3754">
     <span class='ocr_line' id='line_1_22' title="bbox 148 2514 626 2580; baseline 0 -12"><span class='ocrx_word' id='word_1_135' title='bbox 148 2517 187 2568; x_wconf 88' lang='grc'><strong>55.</strong></span> <span class='ocrx_word' id='word_1_136' title='bbox 207 2515 311 2578; x_wconf 79' lang='lat' dir='ltr'><strong>Tempus</strong></span> <span class='ocrx_word' id='word_1_137' title='bbox 326 2515 370 2567; x_wconf 82' lang='lat' dir='ltr'><strong>ubi</strong></span> <span class='ocrx_word' id='word_1_138' title='bbox 383 2523 434 2570; x_wconf 82' lang='lat' dir='ltr'><strong>est,</strong></span> <span class='ocrx_word' id='word_1_139' title='bbox 453 2533 501 2580; x_wconf 78' lang='lat' dir='ltr'><strong>quo</strong></span> <span class='ocrx_word' id='word_1_140' title='bbox 515 2521 540 2566; x_wconf 80' lang='lat' dir='ltr'><strong>le</strong></span> <span class='ocrx_word' id='word_1_141' title='bbox 554 2514 626 2580; x_wconf 76' lang='lat' dir='ltr'><strong>(m’si</strong></span> 
     </span>
     <span class='ocr_line' id='line_1_23' title="bbox 114 2592 624 2659; baseline -0.006 -10"><span class='ocrx_word' id='word_1_142' title='bbox 114 2614 165 2649; x_wconf 78' lang='lat' dir='ltr'><strong>non</strong></span> <span class='ocrx_word' id='word_1_143' title='bbox 174 2599 214 2646; x_wconf 79' lang='lat' dir='ltr'><strong>vis</strong></span> <span class='ocrx_word' id='word_1_144' title='bbox 223 2592 389 2659; x_wconf 75' lang='lat' dir='ltr'><strong>illareferri.)</strong></span> <span class='ocrx_word' id='word_1_145' title='bbox 403 2592 507 2645; x_wconf 80' lang='lat' dir='ltr'><strong>Primus</strong></span> <span class='ocrx_word' id='word_1_146' title='bbox 516 2593 624 2646; x_wconf 75' lang='lat' dir='ltr'><strong>varica-</strong></span> 
     </span>
     <span class='ocr_line' id='line_1_24' title="bbox 114 2669 622 2740; baseline -0.008 -12"><span class='ocrx_word' id='word_1_147' title='bbox 114 2694 165 2728; x_wconf 89' lang='lat' dir='ltr'><strong>nus</strong></span> <span class='ocrx_word' id='word_1_148' title='bbox 177 2694 183 2726; x_wconf 92' lang='lat'>:</span> <span class='ocrx_word' id='word_1_149' title='bbox 197 2693 210 2718; x_wconf 77' lang='lat' dir='ltr'><strong>u</strong></span> <span class='ocrx_word' id='word_1_150' title='bbox 225 2673 342 2740; x_wconf 86' lang='lat' dir='ltr'><strong>Tempus</strong></span> <span class='ocrx_word' id='word_1_151' title='bbox 359 2671 405 2723; x_wconf 89' lang='lat' dir='ltr'><strong>ubi</strong></span> <span class='ocrx_word' id='word_1_152' title='bbox 420 2682 458 2724; x_wconf 78' lang='lat' dir='ltr'><strong>est</strong></span> <span class='ocrx_word' id='word_1_153' title='bbox 476 2669 554 2737; x_wconf 84' lang='lat' dir='ltr'><strong>illud,</strong></span> <span class='ocrx_word' id='word_1_154' title='bbox 569 2691 622 2740; x_wconf 91' lang='lat' dir='ltr'><strong>quo</strong></span> 
     </span>
     <span class='ocr_line' id='line_1_25' title="bbox 115 2749 624 2818; baseline -0.008 -14"><span class='ocrx_word' id='word_1_155' title='bbox 115 2770 170 2804; x_wconf 90' lang='lat' dir='ltr'><strong>non</strong></span> <span class='ocrx_word' id='word_1_156' title='bbox 178 2750 246 2818; x_wconf 80' lang='lat' dir='ltr'><strong>fugis</strong></span> <span class='ocrx_word' id='word_1_157' title='bbox 254 2749 297 2802; x_wconf 80' lang='lat' dir='ltr'><strong>ille</strong></span> <span class='ocrx_word' id='word_1_158' title='bbox 309 2749 425 2811; x_wconf 79' lang='lat' dir='ltr'><strong>referre3</strong></span> <span class='ocrx_word' id='word_1_159' title='bbox 440 2771 453 2795; x_wconf 85' lang='lat'>»</span> <span class='ocrx_word' id='word_1_160' title='bbox 467 2749 566 2817; x_wconf 88' lang='lat' dir='ltr'><strong>primus</strong></span> <span class='ocrx_word' id='word_1_161' title='bbox 575 2750 624 2803; x_wconf 77' lang='lat' dir='ltr'><strong>Po-</strong></span> 
     </span>
     <span class='ocr_line' id='line_1_26' title="bbox 113 2829 623 2897; baseline -0.006 -14"><span class='ocrx_word' id='word_1_162' title='bbox 113 2829 197 2883; x_wconf 81' lang='lat' dir='ltr'><strong>litiaui</strong></span> <span class='ocrx_word' id='word_1_163' title='bbox 206 2840 232 2882; x_wconf 87' lang='lat' dir='ltr'><strong>et</strong></span> <span class='ocrx_word' id='word_1_164' title='bbox 243 2829 342 2897; x_wconf 86' lang='lat' dir='ltr'><strong>primus</strong></span> <span class='ocrx_word' id='word_1_165' title='bbox 354 2829 488 2885; x_wconf 79' lang='lat' dir='ltr'><strong>Palatinus</strong></span> <span class='ocrx_word' id='word_1_166' title='bbox 499 2849 505 2882; x_wconf 92' lang='lat'>:</span> <span class='ocrx_word' id='word_1_167' title='bbox 516 2850 529 2875; x_wconf 85' lang='lat'>«</span> <span class='ocrx_word' id='word_1_168' title='bbox 539 2830 623 2882; x_wconf 87' lang='lat' dir='ltr'><strong>Tem-</strong></span> 
     </span>
     <span class='ocr_line' id='line_1_27' title="bbox 66 2902 624 2974; baseline 0.002 -18"><span class='ocrx_word' id='word_1_169' title='bbox 66 2902 69 2907; x_wconf 68' lang='grc'><strong>’</strong></span> <span class='ocrx_word' id='word_1_170' title='bbox 114 2924 163 2973; x_wconf 89' lang='lat' dir='ltr'><strong>pus</strong></span> <span class='ocrx_word' id='word_1_171' title='bbox 176 2905 219 2958; x_wconf 92' lang='lat' dir='ltr'><strong>ubi</strong></span> <span class='ocrx_word' id='word_1_172' title='bbox 232 2915 271 2957; x_wconf 85' lang='lat' dir='ltr'><strong>est</strong></span> <span class='ocrx_word' id='word_1_173' title='bbox 282 2904 361 2970; x_wconf 91' lang='lat' dir='ltr'><strong>illud,</strong></span> <span class='ocrx_word' id='word_1_174' title='bbox 376 2925 441 2972; x_wconf 87' lang='lat' dir='ltr'><strong>quo,</strong></span> <span class='ocrx_word' id='word_1_175' title='bbox 456 2907 483 2958; x_wconf 92' lang='lat' dir='ltr'><strong>ni</strong></span> <span class='ocrx_word' id='word_1_176' title='bbox 497 2905 566 2974; x_wconf 84' lang='lat' dir='ltr'><strong>sugis</strong></span> <span class='ocrx_word' id='word_1_177' title='bbox 580 2905 624 2958; x_wconf 78' lang='lat' dir='ltr'><strong>illa</strong></span> 
     </span>
     <span class='ocr_line' id='line_1_28' title="bbox 114 2982 623 3051; baseline 0.004 -17"><span class='ocrx_word' id='word_1_178' title='bbox 114 2982 225 3044; x_wconf 78' lang='lat' dir='ltr'><strong>referre3</strong></span> <span class='ocrx_word' id='word_1_179' title='bbox 234 3004 248 3028; x_wconf 88' lang='lat'>»</span> <span class='ocrx_word' id='word_1_180' title='bbox 254 2983 368 3049; x_wconf 84' lang='lat' dir='ltr'><strong>optimus</strong></span> <span class='ocrx_word' id='word_1_181' title='bbox 373 2982 522 3051; x_wconf 64' lang='lat' dir='ltr'><strong>Medieeus:</strong></span> <span class='ocrx_word' id='word_1_182' title='bbox 532 2983 623 3036; x_wconf 87' lang='lat' dir='ltr'><strong>«Tem-</strong></span> 
     </span>
     <span class='ocr_line' id='line_1_29' title="bbox 114 3060 624 3133; baseline -0.004 -19"><span class='ocrx_word' id='word_1_183' title='bbox 114 3082 163 3131; x_wconf 89' lang='lat' dir='ltr'><strong>pus</strong></span> <span class='ocrx_word' id='word_1_184' title='bbox 169 3061 214 3113; x_wconf 91' lang='lat' dir='ltr'><strong>ubi</strong></span> <span class='ocrx_word' id='word_1_185' title='bbox 222 3070 273 3126; x_wconf 80' lang='lat' dir='ltr'><strong>esl,</strong></span> <span class='ocrx_word' id='word_1_186' title='bbox 283 3070 383 3128; x_wconf 80' lang='lat' dir='ltr'><strong>quote,</strong></span> <span class='ocrx_word' id='word_1_187' title='bbox 393 3060 442 3133; x_wconf 79' lang='lat' dir='ltr'><strong>pisi</strong></span> <span class='ocrx_word' id='word_1_188' title='bbox 451 3079 505 3112; x_wconf 92' lang='lat' dir='ltr'><strong>non</strong></span> <span class='ocrx_word' id='word_1_189' title='bbox 515 3060 583 3130; x_wconf 78' lang='lat' dir='ltr'><strong>fugis</strong></span> <span class='ocrx_word' id='word_1_190' title='bbox 593 3060 624 3112; x_wconf 94' lang='lat' dir='ltr'><strong>il-</strong></span> 
     </span>
     <span class='ocr_line' id='line_1_30' title="bbox 114 3136 624 3207; baseline -0.002 -14"><span class='ocrx_word' id='word_1_191' title='bbox 114 3138 257 3193; x_wconf 79' lang='lat' dir='ltr'><strong>larelerre.</strong></span> <span class='ocrx_word' id='word_1_192' title='bbox 270 3160 283 3184; x_wconf 88' lang='lat'>»</span> <span class='ocrx_word' id='word_1_193' title='bbox 296 3138 350 3191; x_wconf 80' lang='lat' dir='ltr'><strong>Alii</strong></span> <span class='ocrx_word' id='word_1_194' title='bbox 362 3136 453 3204; x_wconf 78' lang='lat' dir='ltr'><strong>allier,</strong></span> <span class='ocrx_word' id='word_1_195' title='bbox 465 3139 510 3192; x_wconf 84' lang='lat' dir='ltr'><strong>sed</strong></span> <span class='ocrx_word' id='word_1_196' title='bbox 522 3138 624 3207; x_wconf 83' lang='lat' dir='ltr'><strong>longius</strong></span> 
     </span>
     <span class='ocr_line' id='line_1_31' title="bbox 115 3215 624 3284; baseline -0.002 -14"><span class='ocrx_word' id='word_1_197' title='bbox 115 3215 248 3284; x_wconf 77' lang='lat' dir='ltr'><strong>evestigiis</strong></span> <span class='ocrx_word' id='word_1_198' title='bbox 256 3233 324 3267; x_wconf 74' lang='lat' dir='ltr'><strong>verse</strong></span> <span class='ocrx_word' id='word_1_199' title='bbox 332 3215 483 3282; x_wconf 75' lang='lat' dir='ltr'><strong>scriptum,</strong></span> <span class='ocrx_word' id='word_1_200' title='bbox 494 3234 573 3283; x_wconf 86' lang='lat' dir='ltr'><strong>quam</strong></span> <span class='ocrx_word' id='word_1_201' title='bbox 585 3237 624 3270; x_wconf 88' lang='lat' dir='ltr'><strong>ec·</strong></span> 
     </span>
     <span class='ocr_line' id='line_1_32' title="bbox 114 3295 624 3365; baseline -0.002 -15"><span class='ocrx_word' id='word_1_202' title='bbox 114 3317 144 3351; x_wconf 88' lang='lat' dir='ltr'><strong>ee</strong></span> <span class='ocrx_word' id='word_1_203' title='bbox 158 3316 164 3350; x_wconf 92' lang='lat'><strong>:</strong></span> <span class='ocrx_word' id='word_1_204' title='bbox 179 3317 192 3342; x_wconf 91' lang='lat'>«</span> <span class='ocrx_word' id='word_1_205' title='bbox 204 3296 322 3364; x_wconf 87' lang='lat' dir='ltr'><strong>Tempus</strong></span> <span class='ocrx_word' id='word_1_206' title='bbox 333 3295 378 3347; x_wconf 91' lang='lat' dir='ltr'><strong>ubi</strong></span> <span class='ocrx_word' id='word_1_207' title='bbox 390 3305 443 3361; x_wconf 80' lang='lat' dir='ltr'><strong>esl,</strong></span> <span class='ocrx_word' id='word_1_208' title='bbox 456 3314 509 3365; x_wconf 89' lang='lat' dir='ltr'><strong>quo</strong></span> <span class='ocrx_word' id='word_1_209' title='bbox 522 3306 548 3351; x_wconf 83' lang='lat' dir='ltr'><strong>te</strong></span> <span class='ocrx_word' id='word_1_210' title='bbox 560 3296 624 3362; x_wconf 87' lang='lat' dir='ltr'><strong>(nisi</strong></span> 
     </span>
     <span class='ocr_line' id='line_1_33' title="bbox 73 3369 623 3443; baseline -0.007 -13"><span class='ocrx_word' id='word_1_211' title='bbox 73 3378 77 3386; x_wconf 87' lang='lat'><em>&#39;</em></span> <span class='ocrx_word' id='word_1_212' title='bbox 115 3375 136 3430; x_wconf 91' lang='lat' dir='ltr'><strong>si</strong></span> <span class='ocrx_word' id='word_1_213' title='bbox 147 3374 215 3443; x_wconf 80' lang='lat' dir='ltr'><strong>sugis</strong></span> <span class='ocrx_word' id='word_1_214' title='bbox 227 3372 269 3425; x_wconf 85' lang='lat' dir='ltr'><strong>illa</strong></span> <span class='ocrx_word' id='word_1_215' title='bbox 281 3369 401 3440; x_wconf 78' lang='lat' dir='ltr'><strong>referre)</strong></span> <span class='ocrx_word' id='word_1_216' title='bbox 411 3372 447 3425; x_wconf 75' lang='lat' dir='ltr'><strong>Et</strong></span> <span class='ocrx_word' id='word_1_217' title='bbox 460 3373 510 3426; x_wconf 88' lang='lat' dir='ltr'><strong>diei</strong></span> <span class='ocrx_word' id='word_1_218' title='bbox 523 3375 623 3427; x_wconf 89' lang='lat' dir='ltr'><strong>memi-</strong></span> 
     </span>
     <span class='ocr_line' id='line_1_34' title="bbox 114 3448 627 3520; baseline -0.004 -13"><span class='ocrx_word' id='word_1_219' title='bbox 114 3453 161 3520; x_wconf 89' lang='lat' dir='ltr'><strong>ni,</strong></span> <span class='ocrx_word' id='word_1_220' title='bbox 174 3452 240 3520; x_wconf 74' lang='lat' dir='ltr'><strong>juvit</strong></span> <span class='ocrx_word' id='word_1_221' title='bbox 256 3461 284 3503; x_wconf 78' lang='lat' dir='ltr'><strong>et</strong></span> <span class='ocrx_word' id='word_1_222' title='bbox 294 3467 348 3501; x_wconf 88' lang='lat' dir='ltr'><strong>esse</strong></span> <span class='ocrx_word' id='word_1_223' title='bbox 361 3448 465 3501; x_wconf 81' lang='lat' dir='ltr'><strong>meam?</strong></span> <span class='ocrx_word' id='word_1_224' title='bbox 478 3471 491 3496; x_wconf 89' lang='lat'>»</span> <span class='ocrx_word' id='word_1_225' title='bbox 504 3455 627 3506; x_wconf 57' lang='lat' dir='ltr'><strong>viunisi</strong></span> 
     </span>
     <span class='ocr_line' id='line_1_35' title="bbox 115 3527 623 3600; baseline -0.008 -15"><span class='ocrx_word' id='word_1_226' title='bbox 115 3531 210 3600; x_wconf 88' lang='lat' dir='ltr'><strong>passim</strong></span> <span class='ocrx_word' id='word_1_227' title='bbox 224 3536 378 3596; x_wconf 76' lang='lat' dir='ltr'><strong>corruptum</strong></span> <span class='ocrx_word' id='word_1_228' title='bbox 399 3536 438 3580; x_wconf 86' lang='lat' dir='ltr'><strong>est</strong></span> <span class='ocrx_word' id='word_1_229' title='bbox 455 3527 523 3596; x_wconf 85' lang='lat' dir='ltr'><strong>apud</strong></span> <span class='ocrx_word' id='word_1_230' title='bbox 544 3527 623 3583; x_wconf 84' lang='lat' dir='ltr'><strong>Ovid.</strong></span> 
     </span>
     <span class='ocr_line' id='line_1_36' title="bbox 115 3605 625 3678; baseline -0.006 -15"><span class='ocrx_word' id='word_1_231' title='bbox 115 3610 219 3678; x_wconf 76' lang='lat' dir='ltr'><strong>Referre</strong></span> <span class='ocrx_word' id='word_1_232' title='bbox 232 3627 280 3677; x_wconf 89' lang='lat' dir='ltr'><strong>pro</strong></span> <span class='ocrx_word' id='word_1_233' title='bbox 291 3605 441 3660; x_wconf 83' lang='lat' dir='ltr'><strong>meminisse</strong></span> <span class='ocrx_word' id='word_1_234' title='bbox 456 3644 464 3671; x_wconf 88' lang='lat'><strong><em>‚</em></strong></span> <span class='ocrx_word' id='word_1_235' title='bbox 485 3607 625 3661; x_wconf 83' lang='lat' dir='ltr'><strong>recordari.</strong></span> 
     </span>
     <span class='ocr_line' id='line_1_37' title="bbox 114 3683 592 3754; baseline -0.008 -12"><span class='ocrx_word' id='word_1_236' title='bbox 114 3685 303 3754; x_wconf 73' lang='lat' dir='ltr'><strong>Fugisrefirre,</strong></span> <span class='ocrx_word' id='word_1_237' title='bbox 317 3702 366 3753; x_wconf 89' lang='lat' dir='ltr'><strong>pro</strong></span> <span class='ocrx_word' id='word_1_238' title='bbox 378 3683 480 3737; x_wconf 83' lang='lat' dir='ltr'><strong>metuis.</strong></span> <span class='ocrx_word' id='word_1_239' title='bbox 491 3684 592 3738; x_wconf 75' lang='lat' dir='ltr'><strong>Herus.</strong></span> 
     </span>
    </p>
   </div>
   <div class='ocr_carea' id='block_1_5' title="bbox 670 1880 1187 3754">
    <p class='ocr_par' dir='ltr' id='par_1_7' title="bbox 670 1880 1187 3754">
     <span class='ocr_line' id='line_1_38' title="bbox 670 1880 1160 1952; baseline -0.016 -10"><span class='ocrx_word' id='word_1_240' title='bbox 670 1908 692 1942; x_wconf 89' lang='lat' dir='ltr'><strong>e.</strong></span> <span class='ocrx_word' id='word_1_241' title='bbox 699 1887 798 1952; x_wconf 85' lang='lat' dir='ltr'><strong>x1;vide</strong></span> <span class='ocrx_word' id='word_1_242' title='bbox 806 1880 1160 1950; x_wconf 74' lang='lat' dir='ltr'><strong>etNoniumineuvoee3Vlrg·</strong></span> 
     </span>
     <span class='ocr_line' id='line_1_39' title="bbox 671 1960 1160 2037; baseline -0.01 -20"><span class='ocrx_word' id='word_1_243' title='bbox 671 1965 803 2030; x_wconf 79' lang='lat' dir='ltr'><strong>AElel,</strong></span> <span class='ocrx_word' id='word_1_244' title='bbox 811 1960 1160 2037; x_wconf 67' lang='lat' dir='ltr'><strong>649‚«magnorumlreudun·</strong></span> 
     </span>
     <span class='ocr_line' id='line_1_40' title="bbox 670 2036 1161 2113; baseline -0.01 -17"><span class='ocrx_word' id='word_1_245' title='bbox 670 2062 750 2113; x_wconf 87' lang='lat' dir='ltr'><strong>quam</strong></span> <span class='ocrx_word' id='word_1_246' title='bbox 758 2043 882 2113; x_wconf 83' lang='lat' dir='ltr'><strong>indignus</strong></span> <span class='ocrx_word' id='word_1_247' title='bbox 892 2062 1013 2108; x_wconf 75' lang='lat' dir='ltr'><strong>avorum3</strong></span> <span class='ocrx_word' id='word_1_248' title='bbox 1024 2065 1037 2090; x_wconf 85' lang='lat'><strong>»</strong></span> <span class='ocrx_word' id='word_1_249' title='bbox 1045 2036 1161 2109; x_wconf 68' lang='lat' dir='ltr'><strong>idemll·</strong></span> 
     </span>
     <span class='ocr_line' id='line_1_41' title="bbox 670 2115 1163 2189; baseline -0.004 -13"><span class='ocrx_word' id='word_1_250' title='bbox 670 2123 721 2189; x_wconf 86' lang='lat' dir='ltr'><strong>xl,</strong></span> <span class='ocrx_word' id='word_1_251' title='bbox 733 2123 791 2188; x_wconf 80' lang='lat'><strong>856,</strong></span> <span class='ocrx_word' id='word_1_252' title='bbox 802 2144 815 2167; x_wconf 62' lang='lat' dir='ltr'>a</span> <span class='ocrx_word' id='word_1_253' title='bbox 825 2123 886 2176; x_wconf 83' lang='lat' dir='ltr'><strong>Huc</strong></span> <span class='ocrx_word' id='word_1_254' title='bbox 897 2121 1014 2189; x_wconf 80' lang='lat' dir='ltr'><strong>periture</strong></span> <span class='ocrx_word' id='word_1_255' title='bbox 1021 2121 1090 2188; x_wconf 84' lang='lat' dir='ltr'><strong>veni,</strong></span> <span class='ocrx_word' id='word_1_256' title='bbox 1097 2115 1163 2187; x_wconf 67' lang='lat' dir='ltr'><strong>eepl⁸s</strong></span> 
     </span>
     <span class='ocr_line' id='line_1_42' title="bbox 670 2196 1164 2269; baseline -0.004 -17"><span class='ocrx_word' id='word_1_257' title='bbox 670 2210 699 2252; x_wconf 80' lang='lat' dir='ltr'><strong>ut</strong></span> <span class='ocrx_word' id='word_1_258' title='bbox 712 2198 790 2269; x_wconf 84' lang='lat' dir='ltr'><strong>digna</strong></span> <span class='ocrx_word' id='word_1_259' title='bbox 801 2196 918 2252; x_wconf 68' lang='lat' dir='ltr'><strong>Camilla</strong></span> <span class='ocrx_word' id='word_1_260' title='bbox 926 2198 1049 2252; x_wconf 65' lang='lat' dir='ltr'><strong>Premis.</strong></span> <span class='ocrx_word' id='word_1_261' title='bbox 1059 2219 1072 2245; x_wconf 86' lang='lat'><strong>»</strong></span> <span class='ocrx_word' id='word_1_262' title='bbox 1079 2196 1120 2252; x_wconf 79' lang='lat' dir='ltr'><strong>sic</strong></span> <span class='ocrx_word' id='word_1_263' title='bbox 1127 2210 1164 2246; x_wconf 71' lang='lat' dir='ltr'><strong>ve·</strong></span> 
     </span>
     <span class='ocr_line' id='line_1_43' title="bbox 670 2271 1165 2345; baseline -0.004 -15"><span class='ocrx_word' id='word_1_264' title='bbox 670 2277 794 2333; x_wconf 76' lang='lat' dir='ltr'><strong>terrimus</strong></span> <span class='ocrx_word' id='word_1_265' title='bbox 803 2274 954 2336; x_wconf 83' lang='lat' dir='ltr'><strong>Mediceus,</strong></span> <span class='ocrx_word' id='word_1_266' title='bbox 964 2275 1060 2345; x_wconf 83' lang='lat' dir='ltr'><strong>aliique</strong></span> <span class='ocrx_word' id='word_1_267' title='bbox 1068 2271 1137 2328; x_wconf 82' lang='lat' dir='ltr'><strong>multi</strong></span> <span class='ocrx_word' id='word_1_268' title='bbox 1141 2285 1165 2343; x_wconf 57' lang='lat'><strong>9¹</strong></span> 
     </span>
     <span class='ocr_line' id='line_1_44' title="bbox 670 2349 1167 2423; baseline -0.01 -16"><span class='ocrx_word' id='word_1_269' title='bbox 670 2353 997 2423; x_wconf 69' lang='lat' dir='ltr'><strong>praestantioribuseodices</strong></span> <span class='ocrx_word' id='word_1_270' title='bbox 1004 2393 1012 2421; x_wconf 88' lang='lat'><strong><em>,</em></strong></span> <span class='ocrx_word' id='word_1_271' title='bbox 1019 2372 1075 2406; x_wconf 89' lang='lat' dir='ltr'><strong>non</strong></span> <span class='ocrx_word' id='word_1_272' title='bbox 1084 2349 1167 2405; x_wconf 69' lang='lat' dir='ltr'><strong>Caul-</strong></span> 
     </span>
     <span class='ocr_line' id='line_1_45' title="bbox 670 2422 1167 2496; baseline -0.014 -12"><span class='ocrx_word' id='word_1_273' title='bbox 670 2436 705 2484; x_wconf 82' lang='lat' dir='ltr'><strong>la.</strong></span> <span class='ocrx_word' id='word_1_274' title='bbox 713 2431 790 2484; x_wconf 88' lang='lat' dir='ltr'><strong>Silius</strong></span> <span class='ocrx_word' id='word_1_275' title='bbox 801 2430 844 2482; x_wconf 91' lang='lat' dir='ltr'><strong>lib.</strong></span> <span class='ocrx_word' id='word_1_276' title='bbox 853 2430 932 2496; x_wconf 92' lang='lat' dir='ltr'><strong>Vlll,</strong></span> <span class='ocrx_word' id='word_1_277' title='bbox 943 2431 1006 2483; x_wconf 76' lang='lat'>383:</span> <span class='ocrx_word' id='word_1_278' title='bbox 1016 2450 1032 2477; x_wconf 78' lang='grc' dir='ltr'><em>α</em></span> <span class='ocrx_word' id='word_1_279' title='bbox 1040 2429 1118 2484; x_wconf 73' lang='lat' dir='ltr'><strong>num</strong></span> <span class='ocrx_word' id='word_1_280' title='bbox 1126 2422 1167 2481; x_wconf 77' lang='lat' dir='ltr'><strong>aris</strong></span> 
     </span>
     <span class='ocr_line' id='line_1_46' title="bbox 671 2507 1168 2577; baseline -0.004 -17"><span class='ocrx_word' id='word_1_281' title='bbox 671 2508 779 2577; x_wconf 79' lang='lat' dir='ltr'><strong>pollens,</strong></span> <span class='ocrx_word' id='word_1_282' title='bbox 786 2527 835 2561; x_wconf 87' lang='lat' dir='ltr'><strong>nee</strong></span> <span class='ocrx_word' id='word_1_283' title='bbox 843 2507 934 2560; x_wconf 77' lang='lat' dir='ltr'><strong>dextra</strong></span> <span class='ocrx_word' id='word_1_284' title='bbox 941 2507 1168 2576; x_wconf 74' lang='lat' dir='ltr'><strong>indignusavorm</strong></span> 
     </span>
     <span class='ocr_line' id='line_1_47' title="bbox 672 2584 1169 2647; baseline -0.006 -8"><span class='ocrx_word' id='word_1_285' title='bbox 672 2584 794 2641; x_wconf 81' lang='lat' dir='ltr'><strong>Scaevola.</strong></span> <span class='ocrx_word' id='word_1_286' title='bbox 806 2607 819 2631; x_wconf 74' lang='lat' dir='ltr'><strong>u</strong></span> <span class='ocrx_word' id='word_1_287' title='bbox 837 2586 934 2638; x_wconf 83' lang='lat' dir='ltr'><strong>Noster</strong></span> <span class='ocrx_word' id='word_1_288' title='bbox 941 2584 985 2637; x_wconf 93' lang='lat' dir='ltr'><strong>lib.</strong></span> <span class='ocrx_word' id='word_1_289' title='bbox 994 2585 1038 2638; x_wconf 89' lang='lat' dir='ltr'><strong>Ill</strong></span> <span class='ocrx_word' id='word_1_290' title='bbox 1050 2584 1107 2638; x_wconf 72' lang='lat' dir='ltr'><strong>Ars</strong></span> <span class='ocrx_word' id='word_1_291' title='bbox 1120 2592 1169 2647; x_wconf 72' lang='lat'><strong>1172</strong></span> 
     </span>
     <span class='ocr_line' id='line_1_48' title="bbox 672 2662 1170 2733; baseline -0.002 -15"><span class='ocrx_word' id='word_1_292' title='bbox 672 2687 686 2711; x_wconf 85' lang='grc'>«</span> <span class='ocrx_word' id='word_1_293' title='bbox 695 2663 776 2718; x_wconf 82' lang='lat' dir='ltr'><strong>Curia</strong></span> <span class='ocrx_word' id='word_1_294' title='bbox 781 2664 879 2718; x_wconf 84' lang='lat' dir='ltr'><strong>consilii</strong></span> <span class='ocrx_word' id='word_1_295' title='bbox 888 2682 1023 2733; x_wconf 79' lang='lat' dir='ltr'><strong>queenune</strong></span> <span class='ocrx_word' id='word_1_296' title='bbox 1034 2662 1170 2733; x_wconf 70' lang='lat' dir='ltr'><strong>dignissim</strong></span> 
     </span>
     <span class='ocr_line' id='line_1_49' title="bbox 672 2735 1172 2810; baseline 0 -14"><span class='ocrx_word' id='word_1_297' title='bbox 672 2744 738 2797; x_wconf 75' lang='lat' dir='ltr'><strong>tanti</strong></span> <span class='ocrx_word' id='word_1_298' title='bbox 745 2743 948 2810; x_wconf 72' lang='lat' dir='ltr'><strong>est.»ltspriseae</strong></span> <span class='ocrx_word' id='word_1_299' title='bbox 955 2741 1086 2799; x_wconf 76' lang='lat' dir='ltr'><strong>editiones</strong></span> <span class='ocrx_word' id='word_1_300' title='bbox 1093 2735 1172 2797; x_wconf 69' lang='lat' dir='ltr'><strong>sisoi</strong></span> 
     </span>
     <span class='ocr_line' id='line_1_50' title="bbox 672 2820 1172 2891; baseline -0.004 -17"><span class='ocrx_word' id='word_1_301' title='bbox 672 2821 711 2891; x_wconf 83' lang='lat' dir='ltr'><strong>pti</strong></span> <span class='ocrx_word' id='word_1_302' title='bbox 723 2821 852 2875; x_wconf 84' lang='lat' dir='ltr'><strong>nonnulli.</strong></span> <span class='ocrx_word' id='word_1_303' title='bbox 866 2821 942 2873; x_wconf 86' lang='lat' dir='ltr'><strong>Pont.</strong></span> <span class='ocrx_word' id='word_1_304' title='bbox 961 2820 1013 2886; x_wconf 88' lang='lat' dir='ltr'><strong>lv,</strong></span> <span class='ocrx_word' id='word_1_305' title='bbox 1027 2820 1103 2890; x_wconf 77' lang='lat' dir='ltr'><strong>Eleg.</strong></span> <span class='ocrx_word' id='word_1_306' title='bbox 1114 2833 1172 2882; x_wconf 78' lang='lat' dir='ltr'><strong>vnl,</strong></span> 
     </span>
     <span class='ocr_line' id='line_1_51' title="bbox 676 2895 1173 2968; baseline -0.002 -16"><span class='ocrx_word' id='word_1_307' title='bbox 676 2904 705 2952; x_wconf 80' lang='lat'><strong>15</strong></span> <span class='ocrx_word' id='word_1_308' title='bbox 719 2920 725 2952; x_wconf 74' lang='grc' dir='ltr'><strong>ε</strong></span> <span class='ocrx_word' id='word_1_309' title='bbox 741 2922 754 2946; x_wconf 87' lang='lat'>«</span> <span class='ocrx_word' id='word_1_310' title='bbox 768 2900 803 2952; x_wconf 77' lang='lat' dir='ltr'><strong>As</strong></span> <span class='ocrx_word' id='word_1_311' title='bbox 817 2898 882 2950; x_wconf 84' lang='lat' dir='ltr'><strong>nihil</strong></span> <span class='ocrx_word' id='word_1_312' title='bbox 899 2897 942 2951; x_wconf 86' lang='lat' dir='ltr'><strong>hie</strong></span> <span class='ocrx_word' id='word_1_313' title='bbox 959 2897 1073 2967; x_wconf 84' lang='lat' dir='ltr'><strong>dignum</strong></span> <span class='ocrx_word' id='word_1_314' title='bbox 1086 2895 1173 2968; x_wconf 77' lang='lat' dir='ltr'><strong>poteris</strong></span> 
     </span>
     <span class='ocr_line' id='line_1_52' title="bbox 672 2975 1175 3045; baseline 0.004 -17"><span class='ocrx_word' id='word_1_315' title='bbox 672 2976 789 3044; x_wconf 86' lang='lat' dir='ltr'><strong>reperire</strong></span> <span class='ocrx_word' id='word_1_316' title='bbox 803 2975 925 3045; x_wconf 88' lang='lat' dir='ltr'><strong>pudoris;</strong></span> <span class='ocrx_word' id='word_1_317' title='bbox 937 2997 950 3020; x_wconf 86' lang='lat'>»</span> <span class='ocrx_word' id='word_1_318' title='bbox 960 2976 997 3028; x_wconf 86' lang='lat' dir='ltr'><strong>sic</strong></span> <span class='ocrx_word' id='word_1_319' title='bbox 1012 2987 1041 3029; x_wconf 81' lang='lat' dir='ltr'><strong>et</strong></span> <span class='ocrx_word' id='word_1_320' title='bbox 1058 2975 1095 3030; x_wconf 90' lang='lat' dir='ltr'><strong>ibi</strong></span> <span class='ocrx_word' id='word_1_321' title='bbox 1109 2985 1175 3029; x_wconf 73' lang='lat' dir='ltr'><strong>velus</strong></span> 
     </span>
     <span class='ocr_line' id='line_1_53' title="bbox 672 3044 1177 3121; baseline -0.004 -15"><span class='ocrx_word' id='word_1_322' title='bbox 672 3044 766 3107; x_wconf 75' lang='lat' dir='ltr'><strong>corlex:</strong></span> <span class='ocrx_word' id='word_1_323' title='bbox 775 3063 802 3106; x_wconf 76' lang='lat' dir='ltr'><strong>el</strong></span> <span class='ocrx_word' id='word_1_324' title='bbox 814 3052 918 3121; x_wconf 88' lang='lat' dir='ltr'><strong>plurimi</strong></span> <span class='ocrx_word' id='word_1_325' title='bbox 930 3091 938 3118; x_wconf 84' lang='lat'>‚</span> <span class='ocrx_word' id='word_1_326' title='bbox 951 3053 996 3107; x_wconf 87' lang='lat' dir='ltr'><strong>lib.</strong></span> <span class='ocrx_word' id='word_1_327' title='bbox 1006 3053 1030 3104; x_wconf 91' lang='lat' dir='ltr'>V</span> <span class='ocrx_word' id='word_1_328' title='bbox 1041 3055 1109 3107; x_wconf 69' lang='lat' dir='ltr'><strong>Met</strong></span> <span class='ocrx_word' id='word_1_329' title='bbox 1120 3054 1177 3120; x_wconf 64' lang='lat'><strong>344:</strong></span> 
     </span>
     <span class='ocr_line' id='line_1_54' title="bbox 674 3131 1177 3201; baseline 0.002 -17"><span class='ocrx_word' id='word_1_330' title='bbox 674 3155 687 3179; x_wconf 72' lang='grc' dir='ltr'><strong>ι(</strong></span> <span class='ocrx_word' id='word_1_331' title='bbox 701 3134 803 3186; x_wconf 84' lang='lat' dir='ltr'><strong>utinam</strong></span> <span class='ocrx_word' id='word_1_332' title='bbox 814 3132 894 3187; x_wconf 89' lang='lat' dir='ltr'><strong>modo</strong></span> <span class='ocrx_word' id='word_1_333' title='bbox 908 3131 994 3186; x_wconf 89' lang='lat' dir='ltr'><strong>dicere</strong></span> <span class='ocrx_word' id='word_1_334' title='bbox 1005 3132 1104 3201; x_wconf 61' lang='lat' dir='ltr'><strong>posim</strong></span> <span class='ocrx_word' id='word_1_335' title='bbox 1116 3131 1177 3186; x_wconf 79' lang='lat' dir='ltr'><strong>Car·</strong></span> 
     </span>
     <span class='ocr_line' id='line_1_55' title="bbox 673 3211 1177 3280; baseline 0.002 -17"><span class='ocrx_word' id='word_1_336' title='bbox 673 3212 746 3264; x_wconf 88' lang='lat' dir='ltr'><strong>mina</strong></span> <span class='ocrx_word' id='word_1_337' title='bbox 757 3212 836 3280; x_wconf 79' lang='lat' dir='ltr'><strong>(ligna</strong></span> <span class='ocrx_word' id='word_1_338' title='bbox 847 3211 923 3264; x_wconf 76' lang='lat' dir='ltr'><strong>Deae!</strong></span> <span class='ocrx_word' id='word_1_339' title='bbox 936 3233 949 3257; x_wconf 83' lang='lat'>»</span> <span class='ocrx_word' id='word_1_340' title='bbox 958 3223 985 3264; x_wconf 85' lang='lat' dir='ltr'><strong>et</strong></span> <span class='ocrx_word' id='word_1_341' title='bbox 993 3213 1038 3267; x_wconf 89' lang='lat' dir='ltr'><strong>lib.</strong></span> <span class='ocrx_word' id='word_1_342' title='bbox 1049 3213 1090 3266; x_wconf 89' lang='lat' dir='ltr'><strong>Vl</strong></span> <span class='ocrx_word' id='word_1_343' title='bbox 1101 3251 1110 3280; x_wconf 87' lang='lat'>‚</span> <span class='ocrx_word' id='word_1_344' title='bbox 1126 3216 1177 3278; x_wconf 79' lang='lat' dir='ltr'><strong>18r‚</strong></span> 
     </span>
     <span class='ocr_line' id='line_1_56' title="bbox 674 3289 1179 3360; baseline 0.006 -18"><span class='ocrx_word' id='word_1_345' title='bbox 674 3311 688 3336; x_wconf 91' lang='lat'>«</span> <span class='ocrx_word' id='word_1_346' title='bbox 697 3289 896 3343; x_wconf 78' lang='lat' dir='ltr'><strong>accedileodem</strong></span> <span class='ocrx_word' id='word_1_347' title='bbox 907 3291 994 3360; x_wconf 81' lang='lat' dir='ltr'><strong>Digna</strong></span> <span class='ocrx_word' id='word_1_348' title='bbox 1003 3291 1070 3344; x_wconf 76' lang='lat' dir='ltr'><strong>Dese</strong></span> <span class='ocrx_word' id='word_1_349' title='bbox 1079 3290 1179 3345; x_wconf 66' lang='lat' dir='ltr'><strong>facies.»</strong></span> 
     </span>
     <span class='ocr_line' id='line_1_57' title="bbox 674 3372 1182 3439; baseline -0.002 -16"><span class='ocrx_word' id='word_1_350' title='bbox 674 3372 904 3439; x_wconf 79' lang='lat' dir='ltr'><strong>H.—1taqu0que</strong></span> <span class='ocrx_word' id='word_1_351' title='bbox 916 3408 924 3435; x_wconf 89' lang='lat'>,</span> <span class='ocrx_word' id='word_1_352' title='bbox 928 3372 1080 3436; x_wconf 75' lang='lat' dir='ltr'><strong>praedr&#39;caret</strong></span> <span class='ocrx_word' id='word_1_353' title='bbox 1086 3388 1182 3423; x_wconf 81' lang='lat' dir='ltr'><strong>succes·</strong></span> 
     </span>
     <span class='ocr_line' id='line_1_58' title="bbox 673 3447 1184 3517; baseline -0.006 -12"><span class='ocrx_word' id='word_1_354' title='bbox 673 3455 894 3517; x_wconf 63' lang='lat' dir='ltr'><strong>subnisittdtjqnum</strong></span> <span class='ocrx_word' id='word_1_355' title='bbox 901 3447 1184 3502; x_wconf 72' lang='lat' dir='ltr'><strong>Sueton.01hou.Stu·</strong></span> 
     </span>
     <span class='ocr_line' id='line_1_59' title="bbox 674 3526 1184 3598; baseline -0.01 -14"><span class='ocrx_word' id='word_1_356' title='bbox 674 3530 738 3591; x_wconf 81' lang='lat' dir='ltr'><strong>lius,</strong></span> <span class='ocrx_word' id='word_1_357' title='bbox 752 3528 856 3598; x_wconf 79' lang='lat' dir='ltr'><strong>epithal.</strong></span> <span class='ocrx_word' id='word_1_358' title='bbox 870 3526 1061 3593; x_wconf 74' lang='lat' dir='ltr'><strong>Stellae:d1&#39;5ua</strong></span> <span class='ocrx_word' id='word_1_359' title='bbox 1071 3527 1135 3578; x_wconf 76' lang='lat' dir='ltr'><strong>Dea</strong></span> <span class='ocrx_word' id='word_1_360' title='bbox 1147 3545 1184 3579; x_wconf 82' lang='lat' dir='ltr'><strong>se·</strong></span> 
     </span>
     <span class='ocr_line' id='line_1_60' title="bbox 674 3605 1186 3678; baseline -0.012 -16"><span class='ocrx_word' id='word_1_361' title='bbox 674 3613 726 3662; x_wconf 87' lang='lat' dir='ltr'><strong>des.</strong></span> <span class='ocrx_word' id='word_1_362' title='bbox 734 3609 819 3660; x_wconf 86' lang='lat' dir='ltr'><strong>Divus</strong></span> <span class='ocrx_word' id='word_1_363' title='bbox 829 3608 1021 3678; x_wconf 77' lang='lat' dir='ltr'><strong>Hieronymus,</strong></span> <span class='ocrx_word' id='word_1_364' title='bbox 1033 3605 1079 3656; x_wconf 76' lang='lat' dir='ltr'><strong>vil.</strong></span> <span class='ocrx_word' id='word_1_365' title='bbox 1092 3605 1116 3657; x_wconf 87' lang='lat' dir='ltr'>F</span> <span class='ocrx_word' id='word_1_366' title='bbox 1116 3605 1186 3658; x_wconf 79' lang='lat' dir='ltr'><strong>abio·</strong></span> 
     </span>
     <span class='ocr_line' id='line_1_61' title="bbox 673 3687 1187 3754; baseline -0.006 -13"><span class='ocrx_word' id='word_1_367' title='bbox 673 3689 705 3741; x_wconf 79' lang='lat' dir='ltr'><strong>lae</strong></span> <span class='ocrx_word' id='word_1_368' title='bbox 713 3707 720 3740; x_wconf 91' lang='lat'>:</span> <span class='ocrx_word' id='word_1_369' title='bbox 729 3690 892 3754; x_wconf 72' lang='lat' dir='ltr'><strong>quarentibus</strong></span> <span class='ocrx_word' id='word_1_370' title='bbox 910 3688 982 3737; x_wconf 82' lang='lat' dir='ltr'><strong>nobis</strong></span> <span class='ocrx_word' id='word_1_371' title='bbox 993 3687 1096 3751; x_wconf 65' lang='lat' dir='ltr'><strong>dignun</strong></span> <span class='ocrx_word' id='word_1_372' title='bbox 1108 3691 1187 3739; x_wconf 65' lang='lat' dir='ltr'><strong>tante</strong></span> 
     </span>
    </p>
   </div>
   <div class='ocr_carea' id='block_1_6' title="bbox 148 3761 960 3833">
    <p class='ocr_par' dir='ltr' id='par_1_8' title="bbox 148 3761 960 3833">
     <span class='ocr_line' id='line_1_62' title="bbox 148 3761 960 3833; baseline -0.004 -18"><span class='ocrx_word' id='word_1_373' title='bbox 148 3766 187 3829; x_wconf 89' lang='lat'><strong>57.</strong></span> <span class='ocrx_word' id='word_1_374' title='bbox 204 3763 285 3830; x_wconf 78' lang='lat' dir='ltr'><strong>thue</strong></span> <span class='ocrx_word' id='word_1_375' title='bbox 292 3765 375 3830; x_wconf 79' lang='lat' dir='ltr'><strong>proba</strong></span> <span class='ocrx_word' id='word_1_376' title='bbox 386 3761 487 3826; x_wconf 70' lang='lat' dir='ltr'><strong>difflum</strong></span> <span class='ocrx_word' id='word_1_377' title='bbox 498 3769 543 3814; x_wconf 77' lang='lat' dir='ltr'><strong>est.</strong></span> <span class='ocrx_word' id='word_1_378' title='bbox 555 3763 625 3812; x_wconf 76' lang='lat' dir='ltr'><strong>Pro-</strong></span> <span class='ocrx_word' id='word_1_379' title='bbox 666 3766 772 3833; x_wconf 69' lang='lat' dir='ltr'><strong>semme</strong></span> <span class='ocrx_word' id='word_1_380' title='bbox 783 3765 960 3818; x_wconf 67' lang='lat' dir='ltr'><strong>babdaculum.</strong></span> 
     </span>
    </p>
   </div>
   <div class='ocr_carea' id='block_1_7' title="bbox 116 3837 625 4229">
    <p class='ocr_par' dir='ltr' id='par_1_9' title="bbox 116 3837 625 4229">
     <span class='ocr_line' id='line_1_63' title="bbox 116 3837 624 3908; baseline -0.01 -15"><span class='ocrx_word' id='word_1_381' title='bbox 116 3843 153 3893; x_wconf 77' lang='lat' dir='ltr'><strong>ba</strong></span> <span class='ocrx_word' id='word_1_382' title='bbox 164 3839 269 3907; x_wconf 89' lang='lat' dir='ltr'><strong>plurimi</strong></span> <span class='ocrx_word' id='word_1_383' title='bbox 278 3859 309 3893; x_wconf 83' lang='lat' dir='ltr'><strong>ex</strong></span> <span class='ocrx_word' id='word_1_384' title='bbox 318 3837 538 3908; x_wconf 54' lang='lat' dir='ltr'><strong>castigatioribus?</strong></span> <span class='ocrx_word' id='word_1_385' title='bbox 549 3837 624 3905; x_wconf 71' lang='lat' dir='ltr'><strong>opii-</strong></span> 
     </span>
     <span class='ocr_line' id='line_1_64' title="bbox 116 3919 625 3986; baseline -0.01 -12"><span class='ocrx_word' id='word_1_386' title='bbox 116 3936 159 3974; x_wconf 82' lang='lat' dir='ltr'><strong>me</strong></span> <span class='ocrx_word' id='word_1_387' title='bbox 170 3919 252 3986; x_wconf 82' lang='lat' dir='ltr'><strong>:regit</strong></span> <span class='ocrx_word' id='word_1_388' title='bbox 264 3919 336 3973; x_wconf 88' lang='lat' dir='ltr'><strong>enim</strong></span> <span class='ocrx_word' id='word_1_389' title='bbox 349 3939 379 3972; x_wconf 79' lang='lat' dir='ltr'><strong>ea</strong></span> <span class='ocrx_word' id='word_1_390' title='bbox 393 3938 443 3972; x_wconf 81' lang='lat' dir='ltr'><strong>vox</strong></span> <span class='ocrx_word' id='word_1_391' title='bbox 455 3937 510 3971; x_wconf 91' lang='lat' dir='ltr'><strong>non</strong></span> <span class='ocrx_word' id='word_1_392' title='bbox 525 3937 625 3971; x_wconf 65' lang='lat' dir='ltr'><strong>secum·</strong></span> 
     </span>
     <span class='ocr_line' id='line_1_65' title="bbox 117 3996 624 4068; baseline 0 -21"><span class='ocrx_word' id='word_1_393' title='bbox 117 3996 182 4048; x_wconf 89' lang='lat' dir='ltr'><strong>dum</strong></span> <span class='ocrx_word' id='word_1_394' title='bbox 198 3997 300 4065; x_wconf 89' lang='lat' dir='ltr'><strong>miuus,</strong></span> <span class='ocrx_word' id='word_1_395' title='bbox 315 4019 392 4068; x_wconf 85' lang='lat' dir='ltr'><strong>quam</strong></span> <span class='ocrx_word' id='word_1_396' title='bbox 408 4008 510 4053; x_wconf 78' lang='lat' dir='ltr'><strong>sextum</strong></span> <span class='ocrx_word' id='word_1_397' title='bbox 527 4004 624 4052; x_wconf 80' lang='lat' dir='ltr'><strong>casum.</strong></span> 
     </span>
     <span class='ocr_line' id='line_1_66' title="bbox 118 4075 625 4145; baseline 0.002 -17"><span class='ocrx_word' id='word_1_398' title='bbox 118 4075 237 4134; x_wconf 79' lang='lat' dir='ltr'><strong>Adeatur</strong></span> <span class='ocrx_word' id='word_1_399' title='bbox 245 4079 418 4133; x_wconf 80' lang='lat' dir='ltr'><strong>exactissimus</strong></span> <span class='ocrx_word' id='word_1_400' title='bbox 424 4079 532 4133; x_wconf 86' lang='lat' dir='ltr'><strong>Vossius</strong></span> <span class='ocrx_word' id='word_1_401' title='bbox 546 4096 625 4145; x_wconf 89' lang='lat' dir='ltr'><strong>opere</strong></span> 
     </span>
     <span class='ocr_line' id='line_1_67' title="bbox 117 4153 625 4229; baseline -0.006 -18"><span class='ocrx_word' id='word_1_402' title='bbox 117 4153 334 4229; x_wconf 64' lang='lat' dir='ltr'><strong>grammaticolib.</strong></span> <span class='ocrx_word' id='word_1_403' title='bbox 341 4157 362 4220; x_wconf 91' lang='lat'><strong>1,</strong></span> <span class='ocrx_word' id='word_1_404' title='bbox 369 4156 625 4223; x_wconf 71' lang='lat' dir='ltr'><strong>deconsrructione,</strong></span> 
     </span>
    </p>
   </div>
   <div class='ocr_carea' id='block_1_8' title="bbox 673 3836 1188 4133">
    <p class='ocr_par' dir='ltr' id='par_1_10' title="bbox 673 3836 1188 4133">
     <span class='ocr_line' id='line_1_68' title="bbox 707 3836 1187 3895; baseline -0.008 0"><span class='ocrx_word' id='word_1_405' title='bbox 707 3844 745 3895; x_wconf 88' lang='lat'><strong>58.</strong></span> <span class='ocrx_word' id='word_1_406' title='bbox 758 3841 879 3893; x_wconf 82' lang='lat' dir='ltr'><strong>Addebat</strong></span> <span class='ocrx_word' id='word_1_407' title='bbox 889 3842 961 3891; x_wconf 86' lang='lat' dir='ltr'><strong>veris.</strong></span> <span class='ocrx_word' id='word_1_408' title='bbox 975 3837 1012 3890; x_wconf 86' lang='lat' dir='ltr'><strong>Et</strong></span> <span class='ocrx_word' id='word_1_409' title='bbox 1020 3855 1082 3891; x_wconf 82' lang='lat' dir='ltr'><strong>vera</strong></span> <span class='ocrx_word' id='word_1_410' title='bbox 1092 3836 1128 3890; x_wconf 85' lang='lat' dir='ltr'><strong>(le</strong></span> <span class='ocrx_word' id='word_1_411' title='bbox 1140 3855 1187 3891; x_wconf 78' lang='lat' dir='ltr'><strong>me</strong></span> 
     </span>
     <span class='ocr_line' id='line_1_69' title="bbox 674 3916 1186 3989; baseline -0.014 -17"><span class='ocrx_word' id='word_1_412' title='bbox 674 3918 829 3989; x_wconf 79' lang='lat' dir='ltr'><strong>praedicabas</strong></span> <span class='ocrx_word' id='word_1_413' title='bbox 839 3937 845 3980; x_wconf 83' lang='lat'>3</span> <span class='ocrx_word' id='word_1_414' title='bbox 855 3928 882 3970; x_wconf 84' lang='lat' dir='ltr'><strong>et</strong></span> <span class='ocrx_word' id='word_1_415' title='bbox 891 3916 954 3969; x_wconf 81' lang='lat' dir='ltr'><strong>falsa</strong></span> <span class='ocrx_word' id='word_1_416' title='bbox 963 3916 1043 3968; x_wconf 86' lang='lat' dir='ltr'><strong>etiam</strong></span> <span class='ocrx_word' id='word_1_417' title='bbox 1051 3933 1107 3967; x_wconf 87' lang='lat' dir='ltr'><strong>non</strong></span> <span class='ocrx_word' id='word_1_418' title='bbox 1119 3934 1186 3984; x_wconf 78' lang='lat' dir='ltr'><strong>pau-</strong></span> 
     </span>
     <span class='ocr_line' id='line_1_70' title="bbox 673 3992 1188 4064; baseline -0.016 -11"><span class='ocrx_word' id='word_1_419' title='bbox 673 3997 779 4053; x_wconf 83' lang='lat' dir='ltr'><strong>caveris</strong></span> <span class='ocrx_word' id='word_1_420' title='bbox 790 3994 964 4064; x_wconf 78' lang='lat' dir='ltr'><strong>adjungebas,</strong></span> <span class='ocrx_word' id='word_1_421' title='bbox 976 4012 1031 4062; x_wconf 88' lang='lat' dir='ltr'><strong>quo</strong></span> <span class='ocrx_word' id='word_1_422' title='bbox 1043 4003 1069 4046; x_wconf 81' lang='lat' dir='ltr'><strong>te</strong></span> <span class='ocrx_word' id='word_1_423' title='bbox 1081 3992 1188 4046; x_wconf 78' lang='lat' dir='ltr'><strong>beatio·</strong></span> 
     </span>
     <span class='ocr_line' id='line_1_71' title="bbox 673 4072 951 4133; baseline -0.018 -7"><span class='ocrx_word' id='word_1_424' title='bbox 673 4093 732 4133; x_wconf 81' lang='lat' dir='ltr'><strong>rem</strong></span> <span class='ocrx_word' id='word_1_425' title='bbox 743 4073 849 4125; x_wconf 81' lang='lat' dir='ltr'><strong>laceres.</strong></span> <span class='ocrx_word' id='word_1_426' title='bbox 863 4072 951 4124; x_wconf 72' lang='lat' dir='ltr'><strong>Pons.</strong></span> 
     </span>
    </p>
   </div>
   <div class='ocr_carea' id='block_1_9' title="bbox 707 4147 1186 4208">
    <p class='ocr_par' dir='ltr' id='par_1_11' title="bbox 707 4147 1186 4208">
     <span class='ocr_line' id='line_1_72' title="bbox 707 4147 1186 4208; baseline -0.002 -1"><span class='ocrx_word' id='word_1_427' title='bbox 707 4151 747 4208; x_wconf 71' lang='lat'><strong>52.</strong></span> <span class='ocrx_word' id='word_1_428' title='bbox 758 4153 816 4205; x_wconf 78' lang='lat' dir='ltr'><strong>Non</strong></span> <span class='ocrx_word' id='word_1_429' title='bbox 828 4153 901 4207; x_wconf 77' lang='lat' dir='ltr'><strong>debet</strong></span> <span class='ocrx_word' id='word_1_430' title='bbox 906 4151 978 4202; x_wconf 84' lang='lat' dir='ltr'><strong>dolor</strong></span> <span class='ocrx_word' id='word_1_431' title='bbox 985 4150 1053 4205; x_wconf 67' lang='lat' dir='ltr'><strong>bruc.</strong></span> <span class='ocrx_word' id='word_1_432' title='bbox 1063 4147 1186 4206; x_wconf 77' lang='lat' dir='ltr'><strong>Concin-</strong></span> 
     </span>
    </p>
   </div>
   <div class='ocr_carea' id='block_1_10' title="bbox 0 0 1327 4816">
    <p class='ocr_par' dir='ltr' id='par_1_12' title="bbox 0 0 1327 4816">
     <span class='ocr_line' id='line_1_73' title="bbox 0 0 1327 4816; baseline 0 0"><span class='ocrx_word' id='word_1_433' title='bbox 0 0 1327 4816; x_wconf 95' lang='lat' dir='ltr'><strong> </strong></span> 
     </span>
    </p>
   </div>
  </div>
 </body>
</html>
