2624 4816
99 423 373 492 TRISTIUM
400 423 500 490 LIB.
530 423 575 490 V.
602 423 752 492 ELEG.
779 425 895 492 XIII.
958 424 1024 510 243

99 613 1026 648 w

286 772 523 857 errori
549 771 686 859 x111.
785 899 788 903 ‚

301 1160 695 1228 ARGUMENTUM.

114 1323 249 1388 hortatur,
270 1334 300 1375 ut
320 1322 535 1391 quandoquidem
556 1325 652 1378 amoris
673 1325 755 1379 multa
776 1325 840 1380 olim
858 1329 968 1400 pignora
987 1333 1037 1386 sihi

99 1425 115 1468 :‚
129 1422 200 1456 nunc
214 1405 298 1457 verbis
311 1415 338 1456 et
349 1405 430 1457 literis
441 1425 475 1458 ne
490 1416 586 1474 parcat.
599 1405 680 1474 Quod
691 1408 712 1460 si
724 1408 887 1478 emendarit,
898 1411 960 1466 dicit
970 1412 1037 1471 nihil

99 1523 100 1531 κ
114 1485 227 1539 amicitia
239 1487 350 1555 amplius
363 1487 568 1542 desiderandum
581 1510 643 1543 esse.

99 1690 101 1740 :
119 1687 195 1741 tuus
212 1693 229 1738 e
245 1667 361 1741 Getico
378 1669 482 1743 mittit
498 1669 560 1742 tibi
577 1673 668 1744 Naso
686 1671 845 1763 salutem

99 1813 155 1858 ere
174 1785 202 1856 si
219 1784 412 1884 quisquam,
434 1814 501 1886 quo
517 1804 604 1892 caree
621 1786 708 1886 ipse,
725 1807 847 1890 potest.

99 1901 173 1974 enim
192 1901 275 1973 traxi
292 1902 598 2004 contagia'oorpore
615 1907 751 1994 mentis,

99 2049 139 2093 ra
158 2038 323 2092 tormento
339 2049 416 2120 pars
434 2020 516 2093 mihi
533 2050 575 2093 ne
595 2050 660 2121 qua
676 2042 785 2097 vacet:

99 2173 102 2205 ι
120 2135 189 2208 dies
204 2134 327 2208 multos
344 2134 453 2209 lateris
471 2136 671 2212 cruciatibus
688 2169 785 2228 uror,

104 2251 194 2349 quod
213 2279 280 2321 non
298 2249 429 2323 modico
446 2250 567 2347 frigore
584 2251 668 2327 laesit
684 2255 799 2329 hiems.

99 2396 134 2440 en
151 2368 223 2468 ipse
239 2367 341 2455 valeS,
361 2365 469 2467 aliqua
487 2397 549 2440 nos
564 2387 656 2468 parte
673 2370 838 2445 valemus:

99 2516 157 2587 ppe
174 2512 245 2558 mea
262 2503 312 2559 est
329 2485 476 2558 humeris
490 2485 574 2559 fulta
591 2487 686 2559 ruina
703 2488 779 2564 tuis.

99 2605 143 2677 ihi
160 2633 262 2704 quum
281 2601 409 2675 dederis
426 2601 569 2696 ingentia
587 2602 746 2702 pignora,
763 2634 930 2708 quumque

103 2749 258 2794 numeros
277 2746 391 2790 omnes
408 2717 474 2789 hoc
491 2735 602 2791 tueare
620 2737 737 2818 caput3
1011 2761 1041 2795 ιο

98 2854 154 2909 tua
170 2864 222 2908 me
237 2863 312 2908 raro
332 2832 459 2906 solatur
475 2830 636 2932 epistola,
654 2861 792 2933 peccas:

99 2980 175 3054 ique
193 2952 281 3051 piam
298 2966 452 3050 praestas,
467 2948 505 3039 nis
518 2947 599 3020 mihi
618 2948 715 3023 verba
731 2977 840 3045 neges.
931 3018 937 3027 .

99 3097 186 3142 recor
204 3066 359 3141 emenda:
375 3063 467 3164 quod
485 3064 513 3138 si
531 3064 709 3137 correxeris
725 3094 849 3152 unum,

99 3253 148 3295 {ere
158 3246 185 3293 si
193 3245 324 3309 quisquam
334 3276 341 3304 ,
352 3257 401 3305 quo
411 3244 487 3288 caret.
536 3235 655 3304 Eleg.v1,
667 3239 690 3288 5.
702 3236 758 3288 «Te
769 3255 844 3302 mea,
855 3237 987 3307 supposita
995 3257 1042 3291 ve-

99 3340 141 3373 ·em
154 3324 264 3387 siquis,
283 3337 332 3384 qua
345 3325 415 3367 caret
426 3314 488 3366 Lei·
535 3314 583 3367 luri
591 3315 680 3380 trabe,
691 3315 757 3368 fulta
767 3315 844 3368 ruina
854 3326 900 3369 est.
913 3338 928 3363 »

99 3398 215 3463 Moreti,
229 3406 256 3449 et
266 3395 329 3447 alius
340 3389 429 3447 codex.
440 3394 476 3447 II.
568 3414 593 3464 9.
601 3395 717 3460 Iaffentia
723 3397 838 3461 pifflora.
848 3394 958 3464 Magnas
967 3392 1041 3461 signi·

99 3484 140 3531 αἱ
150 3481 270 3544 contagia
283 3479 372 3527 mentis
382 3491 489 3538 corpore.
536 3469 669 3523 ficationes
678 3471 781 3525 amoris.

102 3558 189 3625 ipsum
208 3573 316 3622 corpus,
336 3570 388 3620 prae
405 3550 488 3603 nimio
572 3568 610 3601 ro,
622 3551 672 3602 Per
683 3568 797 3602 numeros
809 3567 902 3601 omnes.
914 3549 967 3601 Per
982 3565 1041 3600 om-

99 3632 197 3699 IoIore‚
209 3631 286 3699 eoepit
297 3627 365 3681 male
378 3628 472 3681 valere.
536 3647 584 3681 nes
593 3627 694 3682 modos.

99 3715 110 3763 i
117 3713 186 3781 quod
194 3730 243 3762 nou
253 3712 358 3760 modico.
380 3709 417 3758 [st
430 3707 494 3775 quid
572 3728 610 3759 ια,
623 3710 930 3776 Remquepiamproeslas.
944 3711 970 3757 e!
980 3706 1046 3758 mibi

99 3787 191 3858 egensis
201 3808 208 3849 ;
228 3789 265 3838 Et
279 3788 347 3854 quod
362 3783 490 3836 Busiidia·
537 3788 612 3837 verba
622 3804 707 3852 negas.
719 3787 753 3838 si
759 3786 825 3837 mihi
833 3784 910 3836 multi
922 3793 1023 3836 veteres
1033 3821 1042 3849 ,

99 3887 142 3938 ge,
160 3870 195 3918 Id
209 3869 282 3935 quod.
300 3864 428 3918 Putabam
442 3864 490 3917 ali·
538 3866 684 3928 mmihi,
695 3859 971 3928 veI,sedne5esetiaru
979 3880 1046 3914 non·

99 3985 105 4008 ,
122 3948 198 4012 Quod
199 3944 262 4011 fita
273 3963 324 3995 non
336 3946 441 3995 modico.
454 3942 490 3994 H.
538 3939 612 3993 nulli.
623 3941 719 4006 Forte,
733 3959 747 3985 «
761 3928 883 4006 Remque¹
894 3938 964 4007 piam
971 3937 1045 3992 haud

99 4027 162 4090 eppe
177 4040 233 4075 mea
246 4030 286 4073 est
302 4023 410 4072 humeris
418 4018 491 4085 sulla
538 4029 653 4087 praestas,
661 4018 706 4087 qui
713 4014 864 4069 mihiverba
871 4035 958 4084 neges.
969 4039 983 4064 ν»
992 4016 1045 4070 Vel

99 4106 141 4154 rit.
172 4099 298 4167 Quatuor
322 4097 380 4149 libri
404 4102 491 4150 can'na
539 4100 887 4164 Remquetuammamtuam
897 4096 971 4147 estin
979 4095 1045 4148 Bus-

99 4176 168 4233 Ienni
180 4175 388 4247 permutatione;
402 4173 445 4228 lib.
459 4175 490 4242 1,
539 4173 646 4227 lidiano.
657 4173 846 4238 H.-Remque
850 4175 922 4236 piam
928 4179 1045 4238 prestas.
