2624 4816
120 399 181 468 136
395 399 436 463 P.
461 396 639 466 OVIDII
665 395 890 465 NASONIS

164 540 281 615 Cessat
295 539 384 613 iners
399 537 509 634 rigido
524 555 609 612 terra
624 536 738 612 relicta
754 539 831 612 situ.
1148 580 1179 638 ,ο

113 659 191 731 Non
205 655 260 728 hic
275 655 449 756 pampinea
465 653 570 728 dulcis
584 653 665 728 latet
679 682 741 728 ura
757 653 820 729 sub
838 653 978 746 umbre3

16 766 19 771 ¹
161 774 231 845 Nec
247 769 416 845 cumulant
428 768 514 844 altos
528 769 652 843 fervida
665 787 776 843 musta
791 768 893 844 lacus.
1080 866 1084 871 .

114 888 222 962 Poma
236 906 332 984 negat
349 887 441 983 regio
457 914 465 959 :
480 913 539 960 nec
554 886 691 960 haberet
705 887 887 976 Acontius,
902 887 938 960 in
953 915 1021 988 quo

163 1003 327 1076 Scriberet
343 1003 398 1076 hic
412 1002 552 1076 domina
566 1001 664 1074 verba
679 1000 818 1094 legenda
835 1029 912 1075 sue.

113 1116 312 1217 Adspiceres
326 1116 438 1191 nudos
454 1117 523 1190 sine
537 1116 674 1204 fronde,
692 1117 762 1190 sine
778 1117 897 1191 arbore
912 1145 1068 1218 campos;
1146 1141 1178 1212 75

163 1235 238 1307 Heu
254 1231 325 1308 loca
343 1232 432 1307 felici
447 1261 515 1306 non
530 1232 681 1306 adeunda
698 1232 793 1305 viro!

113 1352 227 1444 Ergo,
247 1344 312 1423 tam
328 1348 397 1450 late.
405 1365 517 1449 pateat
534 1376 637 1447 quum
651 1347 815 1421 maximus
833 1347 949 1439 orbis,

142 1467 144 1473 ’
163 1465 243 1537 Haec
257 1481 308 1537 est
324 1463 358 1534 in
373 1491 503 1564 poenam
520 1481 607 1536 terra
622 1481 751 1562 reperta
768 1465 900 1537 meam?

148 1634 547 1708 71.N0nt1·c.Thraciaeregto,
561 1650 619 1704 que
667 1654 713 1705 pes
723 1644 751 1688 et
762 1634 867 1704 Acontii
879 1634 967 1689 sabula
977 1643 1043 1691 nota
1054 1645 1095 1693 est
1108 1636 1177 1694 ovi-

113 1716 183 1770 Istro
202 1716 344 1785 pelagoque
368 1714 544 1784 contingitur,
570 1732 620 1767 nec
668 1711 705 1765 dii
716 1712 831 1780 epistola.
845 1711 1050 1782 V01.1,p.363.

37 1850 39 1854 ,
112 1794 177 1848 caelo
185 1793 243 1847 laeta
255 1803 310 1858 est,
324 1791 618 1859 necsoloseorumque,
685 1792 1177 1863 75.Adsp1'ceresnudos.Dqudspt’ct‘tt3

114 1890 173 1940 que
188 1880 326 1934 seruntur,
345 1868 459 1938 maligne
476 1866 619 1920 admodum
666 1886 735 1922 unus
747 1869 896 1936 Adspmes,
919 1889 969 1939 pro
977 1871 1126 1940 Adspicias:
1139 1892 1177 1944 pr.

113 1945 620 2015 patiensl’ampr'neaumbra.Ulmounus
669 1947 754 2008 Vatic.
765 1967 825 2000 cum
842 1948 907 2014 alio,
921 1949 1085 2017 Adspiceret,
1105 1949 1176 2005 etad

113 2024 267 2087 Mediceus;
296 2033 412 2077 venuste.
444 2020 620 2093 Calpurnius:
670 2022 812 2076 Acontium
821 2025 959 2078 reseratur.
970 2024 1026 2078 Sed
1034 2027 1123 2083 verius
1132 2045 1175 2097 pu·

115 2123 129 2147 «
140 2102 214 2156 Inter
228 2103 379 2172 pampineas
396 2110 511 2172 ponetur
525 2101 620 2155 vitibus
670 2110 698 2153 to
710 2101 911 2172 retingendum,
923 2103 1163 2170 Adspe'cereesffl,

113 2178 343 2233 rumosafflmns.
419 2208 420 2211 ¹
704 2182 1175 2252 78.Inpaenasmeas.1upaenaamre

148 2258 188 2326 73.
202 2259 256 2311 Nec
264 2259 367 2310 haberet
374 2257 507 2310 Aconteus.
524 2255 621 2329 Cydip·
669 2258 786 2329 plerique
797 2298 804 2327 ,
817 2271 844 2312 et
854 2260 953 2325 nostri,
966 2261 1037 2331 quod
1051 2262 1162 2332 pretuli·

127 2426 1178 2463 m

443 2504 709 2648 ¹uiuent
739 2565 821 2650 xl.

440 2889 844 2959 ARGUMENTUM.

119 3053 337 3108 Crudelissimum
349 3055 490 3126 quemdam
499 3058 636 3127 subpresso
647 3057 755 3111 nomine
764 3057 869 3112 adcusat
879 3055 1003 3123 Ovidius,
1016 3056 1088 3126 quod
1096 3076 1176 3127 quum

149 3137 178 3190 in
192 3136 314 3208 Scythica
325 3140 449 3208 regione,
463 3139 568 3192 orbatus
585 3139 659 3193 omni¹
676 3159 705 3193 re
715 3136 800 3204 cara,
811 3138 840 3192 in
852 3137 970 3192 maximis
982 3137 1061 3207 degat
1069 3139 1177 3197 iucom-

149 3222 251 3288 modis,
263 3221 305 3274 ille
316 3240 371 3276 non
384 3222 424 3276 bis
437 3233 591 3290 contentus,
605 3223 629 3276 ei
641 3234 731 3277 tamen
748 3222 855 3276 insultet
871 3242 878 3276 :
894 3221 1036 3291 additque,
1051 3243 1178 3293 magnum

149 3305 188 3359 illi
198 3323 252 3358 esse
266 3303 395 3371 dedecus,
412 3306 564 3375 obpugnare
574 3305 711 3358 hominem
722 3314 881 3374 prostratum
894 3314 921 3358 et
931 3305 1071 3372 jacentem.
1082 3307 1179 3360 Monet

150 3398 284 3458 postremo
293 3428 300 3456 ,
309 3399 339 3441 ut
346 3389 580 3444 memorlrumante
588 3390 676 3455 sortis,
686 3389 753 3442 nolit
761 3388 869 3457 amplius
878 3406 1087 3444 commemorare
1094 3402 1179 3460 poete

149 3473 277 3538 crimina,
294 3471 340 3525 sed
353 3491 385 3524 ea
396 3472 463 3525 sinat
474 3473 621 3528 cicatricem
632 3473 776 3542 obducere,
788 3492 871 3543 quum
883 3474 1029 3544 presertim
1040 3475 1113 3529 nulla
1122 3477 1179 3547 eius

149 3560 257 3613 fortune
267 3559 347 3628 possit
358 3557 417 3611 fieri
426 3559 553 3614 miserior.

120 3696 175 3800 Sl
192 3727 337 3826 quises,
357 3723 496 3800 insultes
512 3729 570 3828 qui
588 3729 717 3802 casibus
734 3726 888 3828 improbe
904 3728 1048 3818 nostris,

167 3845 290 3943 Meque
305 3873 414 3932 reum,
434 3842 545 3917 demto
558 3843 642 3935 fine,
660 3861 814 3920 cruentus
829 3872 927 3938 agas3

155 4023 176 4056 r.
185 4006 216 4058 Si
228 4011 285 4074 quis
302 4027 336 4060 es.
357 4011 476 4078 Quisquis
482 4025 527 4074 es,
540 4019 622 4076 puto,
671 4007 781 4076 elegiam
796 4005 1044 4062 inchoavit?1rtide
1059 4026 1108 4078 pro
1125 4012 1178 4070 tirr-

119 4083 256 4153 scripserat
262 4087 474 4144 Noster.H.-Et
479 4108 527 4143 cur
533 4107 588 4141 non
597 4090 629 4142 Si
666 4092 744 4158 prode
755 4107 823 4141 unus
835 4088 922 4143 codex.

119 4166 189 4231 quis,
220 4172 251 4217 ut
274 4163 408 4234 eleganter
430 4166 623 4237 precedentem
696 4186 727 4219 a.
737 4164 772 4220 Et
782 4185 825 4221 me
837 4176 964 4236 perpetuo
975 4165 1088 4224 adcuses.
