2624 4816
122 388 123 391 ‘
225 413 503 484 nummum
527 413 626 484 mn.
659 401 697 482 1.'
718 411 868 484 nnuc.
901 418 954 485 11.
1088 376 1179 487 13⁹

114 555 236 645 Nescit,
252 556 307 630 cui
324 555 463 629 domiuo
479 569 610 656 pareat,
629 554 719 630 unda
736 552 847 630 maris.
947 608 950 612 -

79 669 143 744 llam
157 671 258 744 modo
275 699 448 772 purpureo
465 671 551 745 vires
564 670 653 772 capit
667 673 780 744 Eurus
797 671 840 744 ab
858 688 935 745 ortu
948 701 957 762 ;

112 789 200 862 Nunc
220 789 392 890 Zephyrus
410 815 485 861 sero
500 815 636 889 vespere
654 788 776 863 missus
793 789 909 863 adest:

77 905 153 977 lluuc
167 903 296 1002 gelidus
313 905 399 978 sicea
413 905 538 978 Boreas
554 903 736 978 baechatur
755 905 798 978 ab
815 906 940 995 Arcto;

112 1021 198 1094 Nunc
214 1021 326 1093 Notus
344 1017 478 1092 adversa
493 1016 606 1120 praelia
622 1017 733 1093 fronte
750 1020 845 1115 gerit.
1093 1042 1126 1094 so

77 1135 179 1210 Rector
192 1137 229 1210 in
246 1136 374 1212 incerto
391 1153 444 1210 est
460 1166 468 1209 :
483 1161 564 1223 nee,
583 1135 664 1236 qnid
681 1134 845 1231 fugiatve,
862 1153 1012 1239 petatve,

112 1255 233 1330 Invenit
246 1284 255 1328 ε
270 1254 437 1350 ambiguis
455 1281 507 1328 ars
525 1271 639 1354 stupet
654 1254 727 1354 ipsa
745 1253 850 1327 malis.

77 1367 187 1445 Scilicet
203 1372 406 1459 occidimus;
426 1398 485 1445 uec
502 1392 598 1470 spes,
616 1371 682 1443 nisi
698 1398 798 1458 vana,
816 1369 957 1446 salutis:

111 1489 260 1591 Dumque
277 1488 421 1590 loquor,
440 1487 552 1562 vultus
569 1487 684 1561 obruit
701 1487 791 1560 unda
807 1513 909 1560 meos.

76 1602 235 1706 Opprimet
251 1605 337 1680 hauc
355 1605 497 1679 animam
513 1602 657 1690 ssuctns3
676 1601 866 1704 frustraque
880 1604 1029 1704 precanti
1097 1624 1129 1677 ³5

111 1723 171 1796 Ore
186 1739 363 1796 necaturas
379 1719 580 1821 accipiemus
595 1746 707 1819 aquas.
807 1743 809 1746 ’

72 1904 229 1973 volubilitate,
240 1906 355 1960 necsine
367 1903 485 1974 fragore,
501 1924 568 1974 pro·
616 1904 691 1973 Virg.
702 1902 785 1972 Quod
791 1902 907 1975 AEschyl.
913 1901 1020 1973 pulchre
1030 1905 1132 1960 inPro·

71 1983 124 2036 xima
141 2002 252 2053 quaeque
275 1992 466 2052 prosternente.
486 1983 567 2052 Apu·
616 1980 699 2033 mech.
710 2019 716 2032 .
727 2019 734 2032 .
744 1989 823 2056 σκιρτᾷ
834 1981 857 2036 α*
868 1983 971 2050 ἀνέμων.
980 2022 987 2036 .
997 1987 1130 2051 distinere

69 2057 156 2115 tiosde
162 2060 269 2114 Mundo
282 2080 288 2114 ι
305 2063 460 2113 Turboenim
466 2064 563 2124 dicitur,
615 2063 705 2115 πάντων
720 2067 752 2121 ἀς
771 2065 873 2125 ἄλληλα.
882 2103 904 2116 ..
916 2063 1000 2118 trinu
1013 2065 1130 2119 ἀντίπνουν

67 2144 102 2204 qui
110 2145 243 2208 repentinis
249 2141 344 2206 flabris
356 2142 472 2205 prosilit,
492 2148 567 2206 atque
617 2139 804 2206 ἀποδεικνύμενα.
823 2141 918 2207 Alpini
933 2142 1041 2204 Borea,
1063 2161 1131 2196 nunc

64 2220 168 2270 universa
182 2218 321 2284 perturbat.
614 2217 686 2276 dinc,
700 2235 767 2268 nunc
771 2219 881 2283 flatibus
890 2220 963 2270 illinc
975 2257 981 2269 .
991 2259 1010 2272 ..
1023 2224 1091 2272 inter
1101 2239 1130 2272 se

90 2295 127 2348 ab.
133 2298 234 2356 Nescit,
242 2299 288 2346 cui
290 2297 397 2345 domitio.
408 2290 493 2346 Causa
503 2292 567 2345 sub·
614 2301 711 2356 certant
720 2309 730 2357 ,·
740 2293 812 2364 Virg.
826 2293 866 2347 tv
877 2294 940 2347 AEn.
949 2298 1006 2362 442.
1015 2295 1047 2350 Id
1056 2297 1128 2366 quod

62 2372 154 2442 licitur,
164 2373 566 2444 quiaquumsintquatuorveu-
617 2392 648 2424 ex
664 2373 776 2442 perenni
792 2373 868 2427 sonte
883 2393 890 2427 :
904 2365 945 2435 'tie
962 2375 1075 2444 Μνεμοι
1089 2382 1131 2432 otio

62 2453 77 2505 ti
83 2455 186 2521 ,Eurus
198 2453 305 2505 abortu
320 2450 433 2504 luctatur
441 2471 503 2504 cum
513 2453 568 2505 Ze·
615 2455 698 2507 Ilissos
720 2453 814 2526 eptam
836 2457 969 2520 ὶχθνὸιντα,
989 2459 1071 2531 Βορέης
1089 2465 1130 2510 και·

60 2532 137 2604 physo
151 2532 184 2585 ab
197 2550 289 2585 occasu
301 2551 308 2595 ;
323 2540 351 2584 et
366 2531 465 2584 Boreas
478 2549 493 2583 a
505 2548 567 2598 sep·
616 2533 728 2605 Zipupoe,
744 2534 777 2585 sui
788 2556 813 2585 rs
824 2539 939 2608 epistulis
954 2537 1023 2590 ἄητον
1037 2533 1129 2589 Ελθόντ’

60 2610 195 2664 temtrioue
207 2609 292 2677 spirat
304 2607 427 2661 adversus
437 2609 566 2661 Austrum
615 2612 737 2677 ἰξακίνης,
755 2620 803 2662 ete.
815 2611 969 2679 Homerus,
984 2612 1057 2666 Iliad.
1069 2614 1099 2680 1,
1113 2631 1129 2666 a

60 2688 196 2742 ameridie.
207 2687 301 2754 Quare
310 2687 337 2738 in
345 2685 435 2738 medio
442 2685 565 2738 relictum
614 2704 691 2738 versu
709 2688 732 2752 4.
749 2686 867 2741 Adversa
870 2687 965 2754 fronte.
987 2688 1037 2741 Est
1054 2689 1128 2742 enim

57 2769 157 2838 pelagus
176 2764 323 2820 necessario
346 2766 520 2831 extimescit,
539 2775 567 2817 et
615 2765 701 2820 Notus
717 2766 811 2818 Boreae
827 2767 979 2835 oppositus,
996 2769 1127 2838 siquidem

58 2847 94 2898 cui
106 2855 197 2915 pareat
209 2844 310 2910 nescit,
323 2842 349 2895 id
363 2852 417 2908 est,
431 2843 506 2910 cujus'
516 2842 567 2895 fla-
615 2861 630 2897 a
642 2842 752 2895 meridie
767 2843 821 2896 ilat.

32 2940 33 2945 ’
58 2925 120 2978 tibus
126 2924 301 2991 obtemperet.
311 2921 507 2976 Pomm-Hinc
517 2921 567 2973 Lu·
648 2920 687 2972 31.
694 2923 761 2982 Nec,
773 2920 961 2989 quidsugiaioe,
965 2932 1072 2990 petatve,
1083 2927 1130 2978 In-

59 3022 132 3057 canus
144 3001 253 3054 videtur
263 3019 310 3054 sua
323 2997 453 3064 hausisse,
467 3001 510 3052 lib.
523 2999 566 3068 V,
615 3001 695 3050 senil:
705 2997 741 3049 sic
750 3007 777 3049 et
785 2997 919 3064 Lucanus,
929 2998 1015 3066 tint,
1024 3019 1059 3053 vs.
1067 3001 1128 3068 645:

56 3096 118 3134 rens.
128 3081 199 3145 502,
216 3082 255 3131 Et
266 3082 367 3132 dubium
375 3080 478 3144 pendet,
493 3088 567 3130 vento
616 3093 630 3119 a
644 3074 717 3127 Artis
728 3094 809 3144 opem
821 3075 907 3129 vicere
920 3087 1022 3144 metus,
1035 3080 1130 3131 nescit·

59 3162 231 3219 cuiconcidat‚
247 3175 344 3224 aquom·
354 3156 414 3221 ubi,
433 3161 569 3222 cuipareat
615 3170 667 3220 que
674 3153 806 3222 magister,
817 3154 1033 3225 Quamirangat,
1040 3156 1083 3209 cui
1090 3176 1129 3210 ce·

59 3235 273 3308 legendumesse,
281 3235 524 3290 docuitBroukbus.
533 3233 567 3287 ad
617 3231 661 3283 dat
673 3251 778 3300 aquae.»

60 3315 151 3370 tibull,
166 3319 198 3384 1,
214 3334 286 3391 χώ
649 3309 1038 3381 32.Amo1‘gm·sarssnpettpsa
1046 3317 1130 3367 maloi.

87 3398 126 3449 28.
137 3397 198 3449 Sero
210 3412 311 3462 vespere
319 3410 328 3458 ,⁸
341 3412 415 3447 sacro
428 3391 537 3445 Juuiau.
616 3385 660 3439 Sic
667 3387 750 3439 Palin.
766 3377 831 3440 AEn.
845 3389 879 3455 V,
892 3391 936 3442 13:
948 3413 960 3435 «
971 3392 1045 3443 Heu!
1055 3393 1131 3459 quia*

88 3495 127 3547 ²9·
139 3477 221 3529 Sicca
236 3475 326 3534 Arcto.
339 3473 371 3527 ld
385 3483 441 3538 est,
462 3475 568 3538 equoris
615 3485 679 3518 nam
689 3467 754 3520 tanti
766 3469 905 3522 cinxerunt
916 3470 1016 3524 aethera
1026 3471 1130 3525 nimbi?

58 3563 164 3621 experte,
177 3561 209 3606 ut
215 3550 277 3604 alibi
284 3548 414 3618 loquum
425 3549 465 3601 vel
475 3567 568 3602 revera
617 3545 739 3613 Quidve,
758 3557 832 3616 pater
845 3550 986 3618 Neptune,
1004 3549 1099 3619 paras?
1115 3571 1128 3598 o

59 3631 132 3697 sicca,
144 3640 175 3684 ut
185 3634 270 3684 siccos
280 3628 421 3696 Aquilones
433 3627 511 3692 dixit,
523 3625 567 3678 lib.
649 3624 688 3676 33.
708 3629 762 3678 Nec
773 3645 831 3692 spes
842 3637 883 3680 est
890 3632 946 3680 ulla
958 3633 1057 3681 salutis.
1075 3631 1129 3682 bisc

60 3707 111 3775 lll,
124 3708 198 3778 Elec.
211 3724 246 3773 x,
260 3707 309 3772 533
323 3704 464 3771 Manilius,
477 3705 520 3756 lib.
534 3705 565 3759 l:
614 3725 679 3773 spes,
688 3708 1127 3770 nisivana,salutisCombianusli·

59 3787 157 3840 «atter
167 3788 204 3839 -nb
217 3784 318 3838 excelso
334 3783 476 3838 decurrens
491 3783 567 3836 limes
614 3783 671 3850 ber,
678 3784 762 3838 multo
770 3786 1076 3855 numerosius:legebam
1083 3787 1130 3840 ali-

59 3861 172 3937 Olympo
187 3862 327 3932 Serpentis
348 3863 473 3928 caudam,
489 3861 567 3915 siccas
614 3864 1127 3932 quando,nesspessuperullasalutiest.

59 3954 83 3996 et
93 3943 184 3997 dividit
195 3943 323 3996 Arctos.»
339 3941 405 3994 Tres
416 3953 505 3994 tamen
518 3959 568 3994 an·
636 3941 676 3996 36.
684 3944 734 3995 Ore
739 3954 874 3996 necaturas
881 3946 1128 4014 accipiemusaquas.

61 4021 118 4090 tiqui
128 4024 251 4094 Scyllu'ca
263 4024 350 4073 Arcto.
364 4021 464 4074 Huttts.
618 4021 812 4083 Bonalocuti03
825 4021 861 4073 sic
871 4021 962 4091 Virgit.
973 4022 1012 4076 Vl
1020 4024 1127 4077 AEneid.

89 4101 126 4153 3⁰,
148 4104 223 4155 Illinc
249 4101 331 4152 Notus
350 4104 456 4152 adversa
474 4104 568 4167 prali'a
615 4101 680 4166 413:
696 4122 709 4147 a
720 4098 831 4152 Gemuit
843 4099 891 4151 sub
905 4101 1023 4169 pondere
1034 4103 1127 4174 cymba

55 4174 214 4247 fremerii·
230 4176 277 4232 Sic
287 4181 485 4246 venturiproelia
500 4182 572 4233 uno·
615 4178 705 4234 Sutilis
715 4216 725 4252 y,
746 4188 775 4233 et
790 4179 903 4234 multam
920 4181 1018 4251 accepit
1029 4183 1127 4235 rimosa
