2624 4816
184 473 187 479 -
247 433 311 500 nx
336 431 514 498 nonno
539 431 635 496 ιιι.
662 428 713 494 ιι.
740 426 907 495 uulso.
934 431 1031 523 ιιι,
1095 427 1156 494 33,

147 577 194 646 Et
210 570 322 645 laesum
341 571 425 643 llecti
443 599 533 670 spem
552 569 628 642 dare
646 597 746 669 posse
763 569 881 641 Deum.

104 689 210 762 Movit
227 677 376 760 amicitiai
395 705 462 759 tum
481 704 512 758 te
529 685 713 759 constantia
730 683 857 781 longae,

151 808 241 881 Ante
259 823 334 877 tuos
352 822 445 877 ortus
464 832 535 902 quae
552 803 631 874 mihi
652 819 757 903 ooepta
774 803 848 875 luit.

101 925 145 994 Et
163 921 254 1020 quud
277 948 346 992 erus
363 917 436 991 aliis
454 917 577 1002 santus,
596 917 677 990 mihi
693 938 790 991 natus
807 919 951 1007 amicus;

151 1038 320 1137 Quodque
339 1036 401 1108 tibi
420 1037 454 1108 in
471 1035 563 1108 cunis
577 1037 690 1109 osenla
706 1036 812 1136 prima
831 1036 904 1109 dedi
921 1066 929 1124 3

103 1153 228 1250 Quod,
249 1181 352 1252 quum
367 1170 473 1224 'vestra
490 1153 608 1225 domus
625 1152 744 1225 teneris
755 1151 843 1225 'mihi
858 1180 986 1254 semper
1001 1152 1042 1226 ab
1060 1151 1154 1226 aunis

152 1266 250 1339 Cultu
267 1267 326 1349 sit,
345 1294 414 1339 esse
434 1283 525 1338 vetus
543 1294 630 1339 nnnc
651 1265 711 1338 tibi
729 1294 831 1360 cogor
847 1295 941 1339 onus.

99 1383 159 1454 Me
180 1399 256 1454 tuus
275 1380 328 1453 ille
346 1398 458 1480 pater,
478 1382 579 1454 Latiae
596 1382 748 1483 facundia
765 1382 903 1478 lingnae,
1134 1420 1166 1470 7³

155 1500 239 1592 Quae
256 1526 323 1570 non
343 1497 478 1570 inferior
492 1497 666 1573 nobilitate
683 1497 764 1585 suit,

102 1610 258 1696 Primus,
278 1629 315 1683 ut
329 1611 484 1683 'auderem
501 1612 705 1685 committere
722 1614 863 1692 carmina
878 1612 986 1701 samae,

157 1726 296 1827 Impulit
309 1758 316 1798 ε
331 1727 456 1827 ingenii
472 1727 539 1800 dux
556 1726 619 1799 suit
637 1725 692 1800 ille
707 1728 782 1801 mei.

104 1848 195 1928 Nee,
216 1873 282 1944 quo
301 1843 344 1916 sit
361 1843 504 1942 primum
520 1843 621 1916 nobis
638 1873 656 1917 a
674 1861 821 1944 tempore
837 1841 965 1930 cultus,

157 1959 335 2032 Contendo
351 1958 483 2031 fratrem
502 1986 599 2059 posse
615 1959 734 2032 referre
752 1977 856 2032 tuum.
1141 1980 1175 2031 80

105 2077 154 2148 Te
172 2092 280 2148 tamen
297 2093 371 2147 unte
389 2102 502 2148 omues
519 2075 564 2148 itu
583 2103 655 2149 sum
674 2075 885 2176 complexus,
901 2091 941 2148 ut
955 2101 1043 2147 unus

158 2192 321 2289 Quolibet
339 2193 373 2264 iu
390 2221 467 2265 casu
485 2193 588 2287 gratia
604 2212 716 2267 nostra
733 2193 831 2268 sores.
940 2190 942 2193 ⁵

107 2305 235 2380 Ultima
251 2336 302 2380 me
322 2324 427 2380 tecum
443 2306 542 2392 vidit,
558 2308 749 2407 moestisque
766 2307 918 2381 cadentes

139 2463 181 2516 68.
195 2464 277 2516 Deum
293 2466 385 2516 lasum.
402 2463 552 2532 Augustum
569 2461 616 2515 ol'-

105 2541 225 2595 sensum.

142 2639 184 2687 7⁰·
190 2621 260 2673 Ante
265 2627 322 2674 tuns
327 2632 403 2677 ortus.
413 2621 564 2690 Antequam
573 2640 618 2673 na-

107 2700 233 2762 scereris3
251 2710 313 2752 tunc
326 2701 397 2755 enim
412 2712 484 2771 patre
497 2711 543 2754 tuo
558 2711 618 2754 ute·

108 2780 156 2832 bar
169 2777 339 2831 familiariter.

143 2859 183 2925 74.
195 2859 267 2910 Nunc
280 2860 330 2908 tibi
339 2877 415 2925 cogor
428 2877 500 2910 unns.
515 2859 560 2909 Me
573 2860 622 2909 tibi

109 2941 181 3002 cogi!
208 2945 309 2987 veteres
332 2936 472 3004 plerique;
499 2935 543 2988 sed
565 2953 619 2986 non

108 3013 195 3083 probo
213 3013 246 3065 H.
254 3016 368 3065 -Vctus
378 3033 447 3077 onus.
457 3013 539 3066 Vetus
552 3013 620 3065 ami·

109 3111 155 3144 cus
173 3089 219 3142 tibi
237 3089 359 3143 molestus
374 3101 399 3143 et
414 3110 560 3144 onerosus:
576 3091 620 3160 qui

109 3171 162 3225 tuis
175 3172 200 3223 in
210 3171 320 3240 pueritia
329 3190 388 3223 mea
397 3170 436 3222 tui
446 3172 621 3225 oblectationi.

145 3251 185 3322 76.
208 3256 261 3316 Qus
275 3272 324 3304 non
339 3251 449 3318 insertor.
468 3255 541 3319 Qua,
557 3273 619 3307 me-

111 3329 197 3386 liores.
211 3328 311 3383 Hmns.

146 3426 185 3476 77.
209 3407 245 3458 Ut
258 3409 373 3458 auderem
393 3413 542 3477 committere
559 3426 623 3459 car-

112 3487 181 3537 mina
190 3483 281 3551 sama.
302 3484 341 3537 Ut
362 3484 488 3536 auderem
506 3483 623 3537 carmina

112 3560 357 3632 meainpublicum
372 3561 458 3615 edere.
543 3608 546 3613 ⁴

147 3661 187 3712 79.
198 3644 251 3694 Nec
258 3644 448 3708 quodsitprimo
455 3644 553 3694 nobi’sa
560 3652 623 3694 tem·

110 3739 172 3787 pore
183 3723 278 3777 cultus.
297 3723 423 3774 Contendo
427 3722 535 3788 stultum
547 3741 624 3787 posse

112 3797 202 3866 referre
213 3809 290 3851 tuom.
306 3801 385 3850 Posse
396 3818 487 3867 negare
501 3800 624 3852 scriben-

665 2461 749 2518 cultus
763 2464 816 2517 sit:
833 2452 905 2532 quasi
920 2461 983 2516 velit
998 2463 1052 2530 jam
1067 2479 1081 2513 a
1094 2460 1173 2532 longo

667 2554 784 2612 tempore
802 2553 828 2595 et
843 2561 859 2595 a
874 2541 958 2610 prima
972 2539 1083 2593 infantia
1095 2538 1173 2592 tuisse

666 2622 784 2687 cultum,
804 2632 846 2673 aut
860 2631 1031 2685 antemnas,
1051 2628 1081 2670 ut
1095 2636 1173 2686 supra

667 2700 773 2755 dixerat.
791 2702 881 2769 Neque
899 2699 974 2752 aliter
992 2698 1073 2751 codex
1090 2699 1175 2750 Bers-

588 2808 590 2812 ·
666 2779 770 2843 manui,
783 2797 892 2846 eamque
902 2796 991 2830 veram
1000 2796 1053 2830 esse
1062 2774 1174 2845 scriptu·

667 2875 724 2909 ram
731 2857 758 2909 in
765 2856 886 2926 Epistolis
895 2857 949 2924 jam
960 2852 1177 2922 vidit'l'anaquil·

667 2937 707 2992 lus
722 2937 822 3001 Fauen
840 2936 920 2990 codex
940 2934 1067 2988 Arondel.
1086 2957 1099 2980 u
1120 2935 1176 2987 Neo

669 3036 721 3087 qno
731 3018 764 3072 sit
776 3019 850 3071 nobis
863 3039 877 3070 a
890 3019 976 3087 primo
989 3027 1107 3084 tempore
1121 3012 1177 3068 oul-

668 3109 724 3162 tus,
741 3119 754 3143 »
765 3117 813 3165 quo
822 3097 902 3150 etiam
910 3096 938 3149 in
947 3095 1037 3148 multis
1043 3094 1113 3158 attin
1124 3104 1177 3147 tres

669 3183 733 3248 qnia.
748 3179 848 3230 limus.

703 3259 742 3310 81.
757 3258 792 3308 m
803 3274 863 3308 una.
881 3255 989 3308 Utunus
1003 3253 1178 3306 meliorestet

670 3342 749 3386 recte.
906 3400 908 3405 Ι

704 3412 744 3465 83.
759 3412 855 3463 Ultima
867 3417 1001 3464 melonum
1015 3411 1094 3468 vidit,
1112 3422 1179 3456 ιιι·-

670 3496 765 3558 sititque
785 3494 904 3543 cadentes
924 3492 1035 3555 Excepit
1052 3490 1178 3555 lacrymas

671 3572 747 3622 Italis
755 3589 800 3622 ora
807 3575 887 3639 Jenis.
899 3566 974 3638 Quid
987 3567 1036 3619 hoo
1048 3575 1086 3617 est
1098 3580 1181 3615 mou-

671 3647 739 3701 stri?
754 3647 827 3701 tutia
839 3658 865 3701 te
876 3645 967 3699 ultima
977 3661 1082 3696 mecum
1091 3637 1178 3692 vidit?

672 3726 744 3794 atqui
760 3726 846 3780 locum
862 3735 964 3777 certum
979 3720 1090 3774 debebat
1105 3718 1179 3771 desi-

673 3824 774 3873 gnare,
794 3803 847 3857 sive
867 3803 1002 3863 Romam,
1024 3798 1076 3850 sive
1100 3796 1180 3850 alium

115 3874 179 3929 dnm
197 3875 260 3929 olim
278 3877 414 3930 censebam
429 3897 435 3930 z
449 3888 476 3930 at
486 3877 625 3931 sarravia-
673 3902 874 3952 quemcumque.
888 3879 1011 3948 Scaligeri
1026 3878 1107 3932 codex
1120 3880 1187 3930 Itali

115 3974 182 4022 uus,
197 3953 379 4021 Twisdenius,
401 3967 428 4008 et
446 3956 553 4024 Argent.
571 3959 625 4011 Nec
672 3965 756 4015 silua:
770 3960 840 4014 unde
854 3958 1005 4012 Avunculus
1017 3976 1092 4009 meus
1107 3957 1182 4010 Rut-

116 4053 162 4100 qno
173 4036 339 4101 sitpnmum
353 4045 382 4086 ut
393 4053 484 4088 sensus
494 4035 541 4099 sit,
555 4033 625 4088 Con·
675 4037 772 4108 genius
781 4038 931 4104 conjectura
944 4033 1090 4088 indubitata
1105 4048 1185 4102 repo-
1229 4053 1231 4058 ·

117 4113 199 4166 tendo
208 4115 316 4167 fratrem
326 4125 401 4167 utum
410 4113 559 4168 meminisse
569 4134 624 4168 non
674 4116 957 4182 nebntfflhalisllnm·
967 4124 1031 4166 nam
1036 4114 1183 4166 IlnaAEtda·

118 4211 190 4260 posse
200 4232 207 4262 ,
217 4211 270 4262 quo
278 4193 394 4263 primum
403 4193 626 4263 temporeunobis
674 4197 712 4247 lia
728 4204 793 4248 teste
814 4191 902 4245 Plinio
919 4190 987 4245 dicta
1004 4209 1011 4244 ι
1028 4191 1138 4260 Angent·
1157 4199 1183 4242 et
