2624 4816
112 411 180 495 346
382 414 421 479 P.
455 412 631 481 OVIDII
661 410 886 482 NASONIS
928 434 931 439 ·

162 553 321 650 Vanaque
338 549 488 624 sollicitis
508 549 626 624 incutit
642 550 759 625 umbra
776 568 910 626 metum.
957 626 960 630 ,
1040 590 1046 600 ·

116 664 170 738 Sic
189 693 249 760 ego
265 665 405 738 sortunae
424 663 497 737 telis
514 664 661 739 confixus
676 665 818 767 iniquis,

164 780 298 851 Pectore
315 777 466 878 concipio
485 777 532 850 nil
547 778 612 851 nisi
629 778 722 853 triste
739 807 822 852 meo.

113 897 187 969 Jam
207 895 287 968 mibi
300 895 489 1005 fata'liquet
505 914 631 996 coeptos
648 898 806 970 servantia
823 923 939 972 cursus

164 1012 227 1084 Per
242 1009 307 1082 sibi
324 1027 497 1085 consuetas
514 1038 642 1110 semper
657 1012 742 1084 itura
758 1014 837 1084 vias.

116 1123 299 1197 Observare
314 1125 421 1211 Deos,
436 1153 478 1197 ne
496 1125 574 1225 quid
592 1125 674 1198 mibi
693 1126 785 1199 cedat
801 1125 918 1213 amice;

163 1240 340 1340 Verbaque
354 1240 494 1313 sortunae
511 1240 564 1312 vix
580 1258 663 1339 puto
681 1268 779 1340 posse
796 1241 876 1313 dari.

118 1358 180 1428 Est
195 1354 243 1427 illi
262 1383 346 1429 cura
364 1385 415 1429 me
431 1356 585 1455 perdere,
604 1383 743 1455 quaeque
759 1355 888 1429 solebat

164 1473 247 1544 Esse
265 1471 364 1554 levis,
383 1489 537 1544 constans
555 1489 588 1543 et
603 1470 688 1545 bene
706 1489 792 1545 certa
803 1487 911 1545 nocet.

120 1586 224 1660 Crede
240 1587 339 1674 mibi,
359 1586 386 1658 si
404 1616 476 1661 sum
492 1587 557 1659 veri
576 1586 637 1659 tibi
654 1588 806 1681 cognitus
825 1586 909 1672 oris,

163 1703 232 1776 Nec
250 1701 339 1774 fraus
353 1699 387 1771 in
404 1701 527 1774 nostris
544 1700 673 1774 casibus
689 1730 759 1774 esse
774 1717 905 1801 potest;

118 1817 290 1917 Cinyphia
306 1815 426 1911 segetis
444 1817 541 1889 citius
560 1816 748 1890 numerabis
764 1817 899 1902 aristas,

163 1930 305 2031 Altaque
325 1959 422 2030 quarn
439 1930 552 2004 multis
567 1931 682 2006 lloreat
698 1930 808 2032 Hybla
827 1929 969 2030 thymis,

116 2047 160 2117 Et
177 2063 261 2144 quot
276 2073 350 2119 aves
368 2046 468 2118 motis
486 2047 633 2120 nitantur
648 2046 685 2120 in
699 2074 771 2120 aera
787 2044 927 2144 pennis,

107 2185 110 2192 '
164 2165 324 2262 Quotque
341 2180 454 2236 natent
469 2164 576 2264 pisces
592 2191 742 2265 aequore,
761 2179 869 2235 certus
886 2160 971 2248 eris,

118 2277 228 2372 Quam
246 2275 307 2350 tibi
325 2295 511 2350 nostrorum
529 2283 692 2352 statuatur
707 2305 832 2350 summa
848 2274 1020 2362 laborum,

167 2396 263 2491 Quos
282 2423 343 2489 ego
361 2423 433 2467 sum
453 2411 556 2481 terra,
576 2423 659 2495 quos
678 2422 739 2490 ego
757 2421 875 2494 passus
892 2421 986 2493 aqua.
1135 2409 1160 2459 30

117 2508 215 2584 Nulla
234 2510 326 2584 Getis
344 2528 416 2584 toto
435 2538 514 2605 gens
530 2528 579 2585 est
597 2511 812 2584 truculentior
828 2509 930 2582 orbe:

167 2628 232 2701 Sed
249 2646 357 2702 tamen
373 2627 407 2700 hi
423 2629 545 2702 nostris
560 2629 745 2724 ingemuere
759 2626 863 2701 malis.

121 2742 203 2837 Quae
220 2743 281 2816 tibi
299 2744 327 2817 si
343 2745 480 2817 memori
499 2772 597 2817 coner
612 2742 812 2844 perscribere
827 2768 942 2826 versu,

155 2915 192 2979 ¹·l·
207 2917 302 2969 Incitat
314 2919 401 2969 umbra
415 2925 511 2970 rrretrrrrr.
529 2915 622 2969 Scribo
702 2915 741 2966 23.
758 2915 878 2989 cognitus
890 2915 942 2963 orr's
953 2918 1002 2962 etc.
1016 2909 1128 2962 Creditus
1142 2903 1164 2955 in

119 2995 224 3053 r'rrcutr‘t‚·
240 3011 325 3061 neque
338 2993 411 3046 aliter
421 3014 468 3063 pro
476 2993 576 3046 diversa
584 2993 623 3044 le·
670 2989 858 3044 Arondeliano.
874 2988 975 3039 lluuts.

118 3067 624 3138 ctioneBarberinianus3Sarrav.codcx
705 3071 743 3135 24.
761 3069 815 3119 Nec
833 3083 947 3118 uumerus
966 3066 1062 3116 uostris
1079 3060 1167 3114 caritas

118 3150 233 3198 immutat
241 3165 250 3212 ;
273 3150 397 3202 mendose
419 3170 425 3202 ι
443 3160 570 3211 terrorem,
584 3154 624 3202 tr'-
672 3165 727 3198 esse
735 3152 825 3211 polest.
841 3145 893 3197 Nec
903 3141 981 3207 fraus
991 3145 1020 3191 1'rr
1029 3142 1122 3191 rrostrr's
1132 3153 1168 3188 ca·

119 3240 344 3289 ''²072'mrparorerrr,
354 3231 622 3295 metumirrcuterepas-
672 3227 742 3276 sibus
764 3222 872 3290 Argent.
893 3228 919 3272 et
939 3217 1031 3270 decern
1045 3215 1106 3280 alii,
1122 3228 1169 3281 quac

119 3301 168 3354 sim
181 3301 249 3371 apud
261 3300 420 3356 Ciceronem
430 3315 457 3357 et
467 3304 579 3357 Livium.
588 3304 625 3356 H.
672 3300 749 3354 lectio
760 3299 841 3368 magis
853 3296 955 3350 adridet
968 3315 975 3349 t
990 3295 1096 3349 Sarrav.
1106 3308 1170 3345 men·

156 3400 193 3452 ¹9·
203 3381 340 3432 Observare
347 3383 428 3442 Deos,
444 3386 548 3452 nequid.
555 3385 626 3436 Puto
674 3379 753 3444 dose,
775 3400 788 3422 «
802 3378 857 3429 Nec
873 3376 955 3444 planis
971 3372 1070 3427 nostris
1085 3369 1171 3426 casibus

121 3460 193 3515 Deos
205 3460 340 3513 observare
351 3499 359 3524 ,
372 3462 479 3529 nequid
491 3463 555 3516 mihi
565 3463 626 3516 ami·
675 3477 728 3512 esse
747 3466 827 3525 potes.
839 3478 851 3499 ν
866 3455 902 3506 H.

120 3557 159 3603 ee,
167 3538 273 3603 bocest‚
285 3554 407 3605 prospere
417 3547 494 3607 atque
503 3539 624 3605 feliciter,
708 3538 747 3588 25.
762 3536 889 3606 Cinyphia
899 3535 1000 3597 segetis.
1016 3528 1118 3602 Cinyps
1129 3525 1173 3613 llu-

122 3616 215 3670 cedat:
224 3616 380 3684 stertunoequr
395 3619 440 3668 vix
456 3635 531 3682 posse
551 3620 628 3669 verba
674 3615 731 3666 vius
742 3624 781 3666 est
792 3611 1000 3670 Garamantum
1013 3607 1088 3660 lllela
1098 3603 1174 3660 scribit

122 3698 193 3761 dari,
209 3694 258 3750 hoc
270 3705 321 3761 est,
336 3694 435 3764 imponi
448 3715 456 3758 ς
475 3705 505 3748 ut
515 3696 627 3748 verbum
675 3692 787 3745 lluvium
798 3710 852 3744 esse
861 3689 888 3741 in
900 3687 981 3759 Libya
994 3726 1001 3753 ,
1017 3704 1067 3755 per
1078 3680 1174 3767 uberri-

118 3785 194 3841 μνία,
216 3774 248 3828 ad
260 3785 401 3843 utrumque
413 3773 488 3828 colon
508 3772 629 3826 adbibea-
676 3789 718 3823 ma
727 3788 787 3822 arva
795 3766 947 3831 cadentem,
959 3783 1036 3832 aquo
1046 3758 1175 3833 cinyptnae

124 3865 174 3908 luc·
192 3855 231 3909 Μ.
675 3859 775 3918 segetes
797 3846 961 3916 adpellantur
977 3863 991 3895 a
1009 3840 1112 3915 poetis,
1134 3835 1176 3922 boc

158 3954 198 3986 22.
217 3937 342 3988 Constans
357 3943 383 3987 et
396 3937 455 3988 berre
470 3940 539 3986 certa
549 3939 629 3986 nocet.
677 3936 732 3992 est,
747 3924 864 3997 Libyca-¹3
877 3921 958 3994 Libya
973 3920 1046 3973 enirn
1059 3918 1096 3970 ob
1104 3930 1176 3969 mau-

125 4011 204 4065 Nunc
211 4031 266 4066 non
274 4022 313 4066 est
321 4012 430 4083 amplius
437 4010 576 4076 mutabilis,
586 4020 630 4063 aut
677 4023 748 4056 mam
766 4001 895 4056 frumenti
913 3999 1039 4068 copiam,
1058 3996 1176 4049 horreum

127 4089 189 4142 levis
201 4089 308 4145 lortuna
316 4130 323 4158 ,
332 4091 379 4144 sed
390 4101 510 4147 constans
517 4099 544 4145 et
553 4088 630 4143 firma
677 4081 729 4136 luit
742 4083 932 4134 Romanorum.

126 4168 155 4219 in
167 4166 288 4222 nocendo
301 4166 372 4220 mihi.
490 4210 495 4217 ,
711 4163 750 4215 33.
767 4162 921 4214 perscribere
931 4175 1012 4210 uersu.
1028 4155 1176 4218 uesrrrrgere
